2946 5010
313 419 381 486 128
525 433 795 487 nxsarrusrro
817 433 868 486 nr
887 432 1134 486 nmuunsrro

118 627 269 670 nitrosus
307 623 388 674 esse
418 600 671 697 quantitatem,
700 600 766 674 scd
791 601 1016 698 quantitates
1040 601 1100 674 vel
1125 610 1275 697 quantu,
1293 600 1352 673 vel

122 710 266 814 „PL
307 714 414 811 plura
431 738 669 810 quaecunque.
722 715 857 789 Nonne
872 715 926 789 ita
942 714 1021 788 est?

356 825 403 900 A.
430 828 488 900 Ita
504 829 670 923 profecto
688 828 858 901 arbitror.

356 941 406 1012 B.
434 941 481 1013 Et
499 964 591 1035 eg03
617 965 704 1014 nam
718 941 815 1013 clare
833 951 870 1013 et
887 937 1160 1013 accuratissime
1174 937 1275 1033 quod
1292 962 1351 1012 res

307 1065 375 1138 est,
393 1053 586 1148 eloquutus
601 1077 651 1127 es,

356 1163 402 1239 Α.
431 1165 531 1241 Quid
560 1179 685 1239 autem
706 1165 835 1238 volunt
861 1165 934 1238 ista
960 1176 1148 1260 postrema
1163 1164 1288 1251 verba,
1314 1173 1353 1237 et

306 1279 448 1351 transit
467 1278 504 1351 in
517 1304 638 1378 genus
654 1282 916 1352 numerosum?

357 1391 407 1464 B.
434 1391 569 1465 Valent
602 1392 664 1466 illa
696 1392 794 1465 forte
823 1390 862 1463 in
895 1390 1044 1463 homine
1077 1389 1351 1478 mathematico,

307 1503 405 1577 idem
423 1504 523 1599 quod
541 1505 650 1578 tussis
666 1505 704 1578 in
723 1515 881 1578 oratore.

358 1615 407 1689 A.
435 1617 508 1689 Sed
525 1617 610 1690 vide
628 1616 667 1690 id
684 1615 783 1714 quod
801 1616 988 1713 sequitur;
1014 1614 1146 1712 primo,
1158 1639 1205 1688 an
1224 1616 1274 1690 sit
1289 1639 1352 1688 ve·

307 1752 412 1813 rum;
447 1729 621 1819 secundo,
649 1753 697 1802 an
728 1741 1018 1802 consentaneum
1046 1727 1117 1801 illis
1148 1752 1231 1823 quac
1262 1729 1352 1802 alias

309 1841 432 1916 dicere
460 1843 587 1917 solitus
617 1855 685 1915 est.
737 1843 859 1915 Verba
881 1841 961 1914 haec
989 1854 1099 1914 sunt:
1125 1841 1181 1913 Et
1208 1841 1352 1938 quidem

308 1979 389 2028 curn
415 1955 567 2053 duplum
592 1966 630 2030 et
654 1955 855 2043 dimidium,
875 1953 1030 2051 triplum
1055 1964 1093 2027 et
1116 1954 1246 2044 triens,
1257 1980 1351 2054 per-

309 2067 395 2140 inde
401 2092 478 2166 pro
496 2068 681 2141 rationum
698 2066 901 2140 nominibus
918 2065 1353 2156 natantianatantia&

308 2190 430 2253 antem
447 2189 484 2253 et
501 2180 652 2253 trientis
669 2188 762 2253 note
773 2177 830 2271 -;-,
847 2177 888 2270 -ζ-
906 2179 1069 2252 numeris
1090 2179 1274 2276 (fractis)
1292 2205 1352 2253 ac-

309 2303 543 2384 censeantur,
562 2293 688 2389 qnidni
705 2303 742 2366 et
760 2291 880 2390 dupli,
903 2290 1012 2390 tripli
1034 2302 1142 2382 notoe,
1164 2289 1219 2384 -}-,
1241 2291 1355 2385 ss-oel

310 2415 347 2494 2,
366 2405 414 2479 3?
466 2404 590 2502 Atque
605 2405 675 2478 trec
695 2404 930 2502 potissimum
948 2405 996 2477 de
1016 2428 1132 2477 consa
1149 2428 1221 2503 ego
1240 2415 1353 2479 rotam

311 2519 515 2591 doctrinam
532 2519 717 2590 rationum
735 2517 980 2590 arithmeticae
989 2519 1122 2616 potins
1138 2543 1249 2616 quant
1263 2544 1354 2618 geo-

312 2631 472 2705 metrice
488 2631 752 2729 speculationis
770 2655 852 2703 esse
869 2640 1028 2704 autumo.

364 2744 412 2816 B.
440 2745 570 2841 Neque
588 2769 675 2817 vera
691 2756 788 2832 sunt,
812 2768 931 2840 neque
959 2744 1192 2817 dissentanea
1209 2745 1254 2818 iis
1273 2770 1353 2842 quae

312 2858 425 2930 sensit
448 2859 668 2955 scripsitque
693 2858 857 2954 pluribus
875 2859 914 2930 in
931 2858 1043 2941 locis;
1070 2882 1139 2930 nec
1156 2872 1280 2931 tamen
1299 2860 1354 2945 iis,

313 2994 393 3066 quae
421 2972 460 3044 in
489 2972 673 3046 nonnullis
701 2971 780 3044 aliis
804 2971 894 3044 locis
913 2971 1059 3067 scripsit
1076 2972 1249 3060 monitus,
1268 2997 1354 3045 cou-

311 3095 497 3158 sentanea.
556 3086 773 3180 Plerumque
805 3085 915 3173 enim,
944 3097 987 3157 ut
1022 3108 1132 3173 nunc,
1159 3108 1354 3158 numerum

310 3196 481 3285 fractum,
507 3197 582 3271 sive
606 3198 846 3293 quotientem,
870 3196 1024 3269 eandem
1052 3220 1130 3269 rem
1158 3221 1238 3271 esse
1266 3198 1354 3271 dicit

311 3334 393 3383 cum
413 3311 567 3384 ratione.
622 3310 696 3384 Sed
721 3334 805 3383 cum
832 3310 992 3383 monitus
1013 3309 1059 3382 ab
1079 3311 1229 3383 Hobbio
1246 3320 1353 3395 esset,

310 3447 481 3496 numeros
504 3423 641 3496 fractos
669 3423 947 3519 quotientesque
966 3446 1092 3497 omues
1110 3446 1189 3495 esse
1209 3425 1353 3519 quanti-

310 3547 405 3609 tates
423 3536 618 3624 absolutaS‚
638 3535 818 3609 rationem
848 3550 972 3608 autem
996 3559 1142 3609 omnem
1167 3539 1353 3631 quantita-

311 3664 387 3723 tem
405 3650 690 3746 comparativam
718 3673 818 3734 esse;
844 3650 994 3744 negavit
1012 3673 1050 3722 se
1068 3649 1215 3737 dixisse,
1235 3649 1353 3745 quoti-

311 3776 433 3836 entem
448 3787 527 3836 esse
540 3763 722 3836 rationem
732 3763 861 3859 ipsam,
874 3762 938 3835 sed
955 3764 1136 3836 rationem
1150 3787 1353 3862 cssepener

310 3878 551 3971 quatientem.
604 3877 798 3951 Tractatus
828 3878 906 3973 ejus
937 3875 982 3949 de
1003 3876 1248 3950 Arithmetica
1267 3878 1353 3974 Inti-

309 3990 470 4063 nitorem
481 4002 582 4063 totus
600 4014 643 4062 eo
662 3990 902 4063 fundamento
916 3990 1059 4079 nititur,
1073 3989 1172 4086 quod
1184 3992 1352 4088 quotiens

312 4102 360 4174 sit
377 4103 456 4199 ipsa
481 4104 648 4177 divisoris
677 4104 724 4177 ad
753 4103 989 4177 dividendum
1015 4104 1122 4193 ratio,
1139 4116 1183 4176 ut
1200 4101 1349 4200 quod-{-

310 4214 356 4286 sit
374 4217 469 4290 ratio
494 4227 505 4288 l
529 4217 576 4290 ad
595 4227 628 4290 3.

361 4328 409 4402 Α.
438 4328 477 4401 Si
500 4330 551 4403 ita
578 4341 645 4418 est,
672 4352 791 4424 neque
818 4340 917 4403 totus
946 4330 1012 4403 iste
1038 4340 1219 4403 tractatus
1246 4330 1351 4402 ullius
