2946 5010
506 432 580 501 43ss
644 446 698 498 nn
717 444 948 499 rnrncrrns
967 444 1018 498 nr
1037 443 1418 501 nsmocrunmonn

315 642 383 684 cm.
398 642 473 684 xvn.
556 612 736 687 Numerat
749 611 950 686 duodecem
960 611 1178 708 aliagenera
1189 611 1387 686 rationum
1399 613 1473 688 Pa·

311 711 470 831 ,ζῇ
508 749 665 824 qnorum
683 724 756 798 duo
773 726 983 799 considerat
998 726 1038 798 in
1056 725 1335 800 Commentario
1346 726 1402 801 ad
1436 736 1449 793 t
1468 762 1473 791 2

310 839 480 948 mv·
506 840 623 914 Elem.
640 862 675 928 v,
690 838 853 912 Ciavins:
870 839 1054 928 nimirum,
1067 838 1248 912 rationem
1261 838 1469 916 arithmeti

508 965 547 1026 et
578 951 761 1026 rationem
788 953 1039 1026 harmonicam
1072 954 1148 1026 sive
1180 951 1379 1027 musicam.
1453 988 1457 998 ⁴

507 1065 747 1140 arithmeticae
768 1066 916 1162 quidem
945 1066 1034 1140 satis
1056 1066 1151 1140 bene
1177 1067 1358 1141 convenit
1387 1067 1459 1142 d·.

507 1179 661 1252 rationis
678 1177 816 1251 tradita
831 1180 878 1252 ab
896 1178 1059 1252 Euclide.
1110 1179 1207 1252 Nam
1223 1180 1468 1276 quantitates

509 1315 663 1389 qnamm
681 1315 756 1365 una
780 1292 935 1366 alteram
962 1301 1112 1389 superat
1138 1291 1351 1390 quantitate
1379 1293 1426 1368 d·
1462 1330 1473 1361 ·.

508 1416 608 1494 nata,
624 1405 763 1478 habent
779 1405 875 1480 inter
891 1429 930 1479 se
946 1404 1198 1478 habitudinem
1214 1405 1413 1501 quandam
1440 1442 1473 1474 ;;

510 1518 598 1594 dum
610 1519 868 1615 quantitatem.
908 1519 1016 1593 Ratio
1033 1529 1156 1591 autem
1173 1541 1283 1611 qnam
1296 1518 1469 1596 haimon

509 1642 654 1722 vocant,
691 1644 748 1706 est
777 1631 953 1706 habitudo
984 1631 1152 1726 quaedam
1185 1655 1260 1704 non
1292 1631 1467 1710 duarum

511 1746 623 1819 trium
640 1746 946 1841 magnitudinum.
998 1746 1054 1819 De
1071 1757 1225 1842 utraque
1249 1745 1342 1819 satis
1371 1750 1473 1823 mnl

511 1859 700 1955 ingeniosa
715 1859 827 1932 habet
845 1859 1002 1932 Clarius.
1053 1858 1162 1930 Ratio
1178 1867 1304 1930 autem
1316 1860 1469 1936 arithm

511 1971 641 2046 eadem
664 1983 731 2059 est,
749 1994 833 2044 curn
861 1984 1000 2068 quanto
1026 1971 1146 2067 prima
1172 1982 1322 2067 superat
1353 1996 1471 2049 secn

511 2086 569 2158 vel
585 2085 632 2159 ab
649 2108 694 2158 ea
709 2095 913 2181 superatur,
929 2094 1034 2157 tanto
1051 2083 1213 2156 secunda
1229 2099 1388 2179 superat
1411 2100 1455 2162 te

512 2198 570 2271 vel
587 2198 634 2271 ab
653 2222 697 2271 ea
714 2210 918 2294 superatur.
970 2196 1044 2271 Sed
1061 2198 1154 2269 ratio
1177 2197 1404 2273 harmonica
1441 2235 1470 2267 ·:

511 2323 581 2401 est,
599 2310 746 2408 quando
763 2323 936 2384 extremae
953 2321 1040 2384 snnt
1055 2311 1154 2383 inter
1176 2332 1215 2382 se
1231 2321 1274 2383 ut
1291 2309 1461 2388 differen

513 2424 634 2498 media
650 2436 817 2522 sumptae,
835 2427 951 2520 major
978 2436 1142 2497 extrema
1167 2423 1215 2497 ad
1241 2426 1433 2519 majorem
1469 2464 1473 2496 t

514 2540 682 2627 rentiam,
701 2551 738 2611 et
755 2539 873 2610 minor
891 2538 937 2609 ad
955 2539 1143 2609 minorem.

564 2653 721 2723 Putasne
748 2652 787 2722 in
813 2650 893 2722 aliis
920 2651 1081 2722 scientiis
1098 2650 1214 2744 majus
1231 2663 1436 2743 peccatum

514 2765 584 2835 niri
603 2788 720 2857 posse,
739 2787 848 2858 quam
866 2775 921 2834 est
939 2764 976 2833 in
994 2763 1195 2857 geometria
1211 2785 1284 2832 non
1310 2778 1420 2838 recte
1448 2794 1470 2841 e

515 2901 614 2948 casse
656 2877 744 2970 quid
787 2877 833 2948 sit
870 2875 988 2948 ratio?
1072 2877 1163 2950 Quis
1207 2875 1369 2970 scriptor
1417 2895 1473 2954 etr

514 3015 600 3062 usus
628 3002 684 3062 est
711 2990 921 3062 definitione
948 2989 1031 3061 boni
1060 3015 1134 3062 non
1164 2990 1272 3076 bona,
1296 2991 1357 3062 vel
1383 2996 1466 3088 poli

515 3105 724 3176 definitione
733 3105 836 3200 juria
853 3104 1008 3176 vitiosa?
1060 3107 1233 3176 Attamen
1251 3104 1424 3197 ejusdem
1450 3135 1472 3182 e

514 3219 717 3313 geometria
734 3220 908 3291 momenti
932 3218 1093 3290 definitio
1121 3218 1273 3289 rationis
1301 3222 1413 3313 quus
1440 3248 1473 3295 e·

516 3332 682 3404 doctrina
695 3333 815 3405 ethica
830 3332 993 3403 definitio
1009 3330 1103 3419 doni,
1118 3342 1154 3402 et
1172 3330 1208 3401 in
1222 3329 1376 3425 politica
1390 3335 1468 3408 defi

507 3445 638 3539 juria!

566 3558 718 3645 Deinde,
738 3558 835 3652 qnod
858 3558 947 3630 dicit
972 3557 1127 3644 Claviua
1146 3556 1430 3652 proportionem
1462 3563 1471 3576 '

516 3673 553 3742 in
578 3672 694 3743 tribus
717 3672 888 3760 numeris,
915 3672 978 3743 ubi
1003 3672 1119 3765 major
1145 3682 1394 3743 extremorum
1427 3699 1468 3747 es

518 3787 696 3857 minorem
712 3796 756 3855 ut
780 3785 984 3856 differentia
1008 3784 1156 3877 majoris
1174 3796 1211 3855 et
1236 3783 1348 3855 medii
1375 3788 1427 3859 ad
1465 3819 1473 3855 t

516 3898 670 3969 rentiam
690 3897 800 3968 medii
819 3909 855 3969 et
868 3897 1030 3985 minoris,
1049 3920 1125 3968 esse
1137 3896 1311 3967 musicam
1327 3920 1392 3970 seu
1413 3901 1463 3974 ha

516 4012 655 4082 nicam:
681 4021 817 4082 temere
836 4010 1058 4081 dictumest.
1094 4014 1117 4046 “
1133 4010 1174 4080 In
1194 4009 1285 4095 his''‚
1304 4009 1440 4106 inquit,
1461 4022 1470 4053 ‘

517 4125 625 4195 meris
649 4132 683 4194 6.
700 4134 735 4193 4.
749 4132 782 4208 3,
803 4134 857 4194 est
880 4136 921 4194 ut
944 4131 966 4193 6
985 4121 1032 4193 ad
1050 4132 1084 4210 3,
1104 4122 1154 4193 ita
1173 4131 1207 4208 2,
1227 4121 1440 4199 differentia

518 4260 598 4307 rum
616 4238 806 4330 majorum,
818 4235 865 4306 ad
884 4245 913 4322 l,
929 4235 1170 4306 differentiam
1186 4234 1340 4306 duorum
1356 4238 1464 4315 mino

520 4349 702 4421 Quoniam
731 4362 853 4419 autem
871 4357 894 4419 6
913 4360 950 4420 et
968 4358 990 4420 3
1009 4348 1147 4420 faciunt
1169 4352 1453 4428 consonantiam
