<?xml version="1.0" encoding="UTF-8"?>
<!DOCTYPE html PUBLIC "-//W3C//DTD XHTML 1.0 Transitional//EN"
    "http://www.w3.org/TR/xhtml1/DTD/xhtml1-transitional.dtd">
<html xmlns="http://www.w3.org/1999/xhtml" xml:lang="en" lang="en">
 <head>
  <title>
</title>
<meta http-equiv="Content-Type" content="text/html;charset=utf-8" />
  <meta name='ocr-system' content='tesseract 3.04.00' />
  <meta name='ocr-capabilities' content='ocr_page ocr_carea ocr_par ocr_line ocrx_word'/>
</head>
<body>
  <div class='ocr_page' id='page_1' title='image "./thomhobbesmalme01hobbgoog_0331.png"; bbox 0 0 2946 5010; ppageno 0'>
   <div class='ocr_carea' id='block_1_1' title="bbox 112 621 256 723">
    <p class='ocr_par' dir='ltr' id='par_1_1' title="bbox 112 621 256 723">
     <span class='ocr_line' id='line_1_1' title="bbox 127 621 255 664; baseline 0.016 -2"><span class='ocrx_word' id='word_1_1' title='bbox 127 621 195 663; x_wconf 78' lang='lat' dir='ltr'>CAP.</span> <span class='ocrx_word' id='word_1_2' title='bbox 210 622 255 664; x_wconf 91' lang='lat'>111.</span> 
     </span>
     <span class='ocr_line' id='line_1_2' title="bbox 112 689 256 723; baseline 0.014 -2"><span class='ocrx_word' id='word_1_3' title='bbox 112 689 256 723; x_wconf 49' lang='grc' dir='ltr'><strong>κ-γ-ν</strong></span> 
     </span>
    </p>
   </div>
   <div class='ocr_carea' id='block_1_2' title="bbox 123 746 245 794">
    <p class='ocr_par' dir='ltr' id='par_1_2' title="bbox 123 746 245 794">
     <span class='ocr_line' id='line_1_3' title="bbox 123 746 245 794; baseline 0.016 -2"><span class='ocrx_word' id='word_1_4' title='bbox 123 746 158 792; x_wconf 83' lang='lat' dir='ltr'><strong>Do</strong></span> <span class='ocrx_word' id='word_1_5' title='bbox 168 761 245 794; x_wconf 72' lang='lat' dir='ltr'><strong>rucco.</strong></span> 
     </span>
    </p>
   </div>
   <div class='ocr_carea' id='block_1_3' title="bbox 296 413 1063 483">
    <p class='ocr_par' dir='ltr' id='par_1_3' title="bbox 296 413 1063 483">
     <span class='ocr_line' id='line_1_4' title="bbox 296 413 1063 483; baseline -0.008 -1"><span class='ocrx_word' id='word_1_6' title='bbox 296 413 368 483; x_wconf 82' lang='lat'><strong>320</strong></span> <span class='ocrx_word' id='word_1_7' title='bbox 570 426 850 482; x_wconf 72' lang='lat' dir='ltr'><strong>recensuere</strong></span> <span class='ocrx_word' id='word_1_8' title='bbox 869 426 1063 479; x_wconf 75' lang='lat' dir='ltr'><strong>curmae.</strong></span> 
     </span>
    </p>
   </div>
   <div class='ocr_carea' id='block_1_4' title="bbox 295 589 1344 4417">
    <p class='ocr_par' dir='ltr' id='par_1_4' title="bbox 295 589 1341 917">
     <span class='ocr_line' id='line_1_5' title="bbox 295 589 1341 689; baseline -0.008 -21"><span class='ocrx_word' id='word_1_9' title='bbox 295 605 427 682; x_wconf 88' lang='lat' dir='ltr'><strong>tectus,</strong></span> <span class='ocrx_word' id='word_1_10' title='bbox 445 617 555 689; x_wconf 92' lang='lat' dir='ltr'><strong>quem</strong></span> <span class='ocrx_word' id='word_1_11' title='bbox 578 606 762 668; x_wconf 89' lang='lat' dir='ltr'><strong>suctorem</strong></span> <span class='ocrx_word' id='word_1_12' title='bbox 791 593 932 682; x_wconf 89' lang='lat' dir='ltr'><strong>dicunt,</strong></span> <span class='ocrx_word' id='word_1_13' title='bbox 948 592 1016 665; x_wconf 78' lang='lat' dir='ltr'><strong>&#39;ita</strong></span> <span class='ocrx_word' id='word_1_14' title='bbox 1041 589 1221 685; x_wconf 85' lang='lat' dir='ltr'><strong>exquisite</strong></span> <span class='ocrx_word' id='word_1_15' title='bbox 1251 613 1341 662; x_wconf 91' lang='lat' dir='ltr'><strong>con-</strong></span> 
     </span>
     <span class='ocr_line' id='line_1_6' title="bbox 296 702 1340 805; baseline -0.004 -25"><span class='ocrx_word' id='word_1_16' title='bbox 296 730 444 805; x_wconf 86' lang='lat' dir='ltr'><strong>gruens,</strong></span> <span class='ocrx_word' id='word_1_17' title='bbox 463 718 569 779; x_wconf 91' lang='lat' dir='ltr'><strong>utne</strong></span> <span class='ocrx_word' id='word_1_18' title='bbox 588 707 760 780; x_wconf 89' lang='lat' dir='ltr'><strong>minimus</strong></span> <span class='ocrx_word' id='word_1_19' title='bbox 778 705 927 804; x_wconf 91' lang='lat' dir='ltr'><strong>quidem</strong></span> <span class='ocrx_word' id='word_1_20' title='bbox 944 728 1008 779; x_wconf 87' lang='lat' dir='ltr'><strong>aer</strong></span> <span class='ocrx_word' id='word_1_21' title='bbox 1027 705 1124 777; x_wconf 90' lang='lat' dir='ltr'><strong>inter</strong></span> <span class='ocrx_word' id='word_1_22' title='bbox 1141 702 1283 775; x_wconf 90' lang='lat' dir='ltr'><strong>corium</strong></span> <span class='ocrx_word' id='word_1_23' title='bbox 1301 716 1340 776; x_wconf 92' lang='lat' dir='ltr'><strong>et</strong></span> 
     </span>
     <span class='ocr_line' id='line_1_7' title="bbox 296 820 897 917; baseline -0.003 -23"><span class='ocrx_word' id='word_1_24' title='bbox 296 845 346 894; x_wconf 81' lang='lat' dir='ltr'><strong>res</strong></span> <span class='ocrx_word' id='word_1_25' title='bbox 363 821 503 893; x_wconf 90' lang='lat' dir='ltr'><strong>intrare</strong></span> <span class='ocrx_word' id='word_1_26' title='bbox 524 821 581 912; x_wconf 90' lang='lat' dir='ltr'><strong>(ut</strong></span> <span class='ocrx_word' id='word_1_27' title='bbox 601 821 750 916; x_wconf 88' lang='lat' dir='ltr'><strong>putant)</strong></span> <span class='ocrx_word' id='word_1_28' title='bbox 770 820 897 917; x_wconf 85' lang='lat' dir='ltr'><strong>possit.</strong></span> 
     </span>
    </p>

    <p class='ocr_par' dir='ltr' id='par_1_5' title="bbox 296 928 1340 3172">
     <span class='ocr_line' id='line_1_8' title="bbox 349 928 1337 1030; baseline -0.005 -25"><span class='ocrx_word' id='word_1_29' title='bbox 349 932 398 1006; x_wconf 92' lang='lat' dir='ltr'><strong>B.</strong></span> <span class='ocrx_word' id='word_1_30' title='bbox 426 933 522 1006; x_wconf 89' lang='lat' dir='ltr'><strong>Soio.</strong></span> <span class='ocrx_word' id='word_1_31' title='bbox 564 934 613 1006; x_wconf 88' lang='lat' dir='ltr'><strong>Et</strong></span> <span class='ocrx_word' id='word_1_32' title='bbox 629 957 702 1030; x_wconf 92' lang='lat' dir='ltr'><strong>quo</strong></span> <span class='ocrx_word' id='word_1_33' title='bbox 721 945 845 1006; x_wconf 90' lang='lat' dir='ltr'><strong>suctor</strong></span> <span class='ocrx_word' id='word_1_34' title='bbox 870 930 1014 1004; x_wconf 83' lang='lat' dir='ltr'><strong>facilius</strong></span> <span class='ocrx_word' id='word_1_35' title='bbox 1042 928 1181 1002; x_wconf 90' lang='lat' dir='ltr'><strong>intrudi</strong></span> <span class='ocrx_word' id='word_1_36' title='bbox 1211 930 1337 1024; x_wconf 87' lang='lat' dir='ltr'>possit,</span> 
     </span>
     <span class='ocr_line' id='line_1_9' title="bbox 296 1043 1337 1141; baseline -0.006 -22"><span class='ocrx_word' id='word_1_37' title='bbox 296 1045 463 1119; x_wconf 81' lang='lat' dir='ltr'><strong>foramen</strong></span> <span class='ocrx_word' id='word_1_38' title='bbox 480 1046 664 1141; x_wconf 84' lang='lat' dir='ltr'>quoddam</span> <span class='ocrx_word' id='word_1_39' title='bbox 682 1057 738 1119; x_wconf 91' lang='lat' dir='ltr'><strong>est</strong></span> <span class='ocrx_word' id='word_1_40' title='bbox 760 1046 798 1119; x_wconf 95' lang='lat' dir='ltr'><strong>in</strong></span> <span class='ocrx_word' id='word_1_41' title='bbox 826 1044 1012 1140; x_wconf 87' lang='lat' dir='ltr'>superiore</span> <span class='ocrx_word' id='word_1_42' title='bbox 1038 1055 1143 1139; x_wconf 88' lang='lat' dir='ltr'><strong>parte</strong></span> <span class='ocrx_word' id='word_1_43' title='bbox 1171 1043 1337 1138; x_wconf 85' lang='lat' dir='ltr'><strong>cylindri,</strong></span> 
     </span>
     <span class='ocr_line' id='line_1_10' title="bbox 297 1155 1338 1256; baseline -0.001 -26"><span class='ocrx_word' id='word_1_44' title='bbox 297 1181 364 1255; x_wconf 89' lang='lat' dir='ltr'><strong>per</strong></span> <span class='ocrx_word' id='word_1_45' title='bbox 381 1157 479 1253; x_wconf 93' lang='lat' dir='ltr'><strong>quod</strong></span> <span class='ocrx_word' id='word_1_46' title='bbox 502 1182 564 1231; x_wconf 87' lang='lat' dir='ltr'><strong>aer</strong></span> <span class='ocrx_word' id='word_1_47' title='bbox 584 1159 664 1256; x_wconf 90' lang='lat' dir='ltr'><strong>(qui</strong></span> <span class='ocrx_word' id='word_1_48' title='bbox 691 1158 846 1233; x_wconf 89' lang='lat' dir='ltr'><strong>suctoris</strong></span> <span class='ocrx_word' id='word_1_49' title='bbox 876 1159 1081 1253; x_wconf 86' lang='lat' dir='ltr'><strong>ingressum</strong></span> <span class='ocrx_word' id='word_1_50' title='bbox 1106 1155 1243 1252; x_wconf 85' lang='lat' dir='ltr'><strong>alioqui</strong></span> <span class='ocrx_word' id='word_1_51' title='bbox 1270 1157 1338 1229; x_wconf 91' lang='lat' dir='ltr'><strong>im-</strong></span> 
     </span>
     <span class='ocr_line' id='line_1_11' title="bbox 297 1268 1336 1368; baseline 0 -26"><span class='ocrx_word' id='word_1_52' title='bbox 297 1269 424 1367; x_wconf 89' lang='lat' dir='ltr'><strong>pedire</strong></span> <span class='ocrx_word' id='word_1_53' title='bbox 450 1273 589 1368; x_wconf 88' lang='lat' dir='ltr'><strong>posset)</strong></span> <span class='ocrx_word' id='word_1_54' title='bbox 618 1273 819 1346; x_wconf 86' lang='lat' dir='ltr'><strong>emittatur.</strong></span> <span class='ocrx_word' id='word_1_55' title='bbox 860 1268 985 1345; x_wconf 67' lang='lat' dir='ltr'><strong>v(laod</strong></span> <span class='ocrx_word' id='word_1_56' title='bbox 1006 1269 1172 1342; x_wconf 83' lang='lat' dir='ltr'><strong>foramen</strong></span> <span class='ocrx_word' id='word_1_57' title='bbox 1195 1271 1336 1365; x_wconf 89' lang='lat' dir='ltr'><strong>aperire</strong></span> 
     </span>
     <span class='ocr_line' id='line_1_12' title="bbox 297 1382 1340 1481; baseline -0.001 -25"><span class='ocrx_word' id='word_1_58' title='bbox 297 1395 451 1479; x_wconf 83' lang='lat' dir='ltr'><strong>possunt</strong></span> <span class='ocrx_word' id='word_1_59' title='bbox 476 1394 514 1456; x_wconf 91' lang='lat' dir='ltr'><strong>et</strong></span> <span class='ocrx_word' id='word_1_60' title='bbox 547 1384 717 1457; x_wconf 84' lang='lat' dir='ltr'><strong>claudere</strong></span> <span class='ocrx_word' id='word_1_61' title='bbox 751 1384 895 1481; x_wconf 90' lang='lat' dir='ltr'><strong>quoties</strong></span> <span class='ocrx_word' id='word_1_62' title='bbox 931 1405 1017 1455; x_wconf 88' lang='lat' dir='ltr'><strong>usus</strong></span> <span class='ocrx_word' id='word_1_63' title='bbox 1050 1382 1223 1477; x_wconf 90' lang='lat' dir='ltr'><strong>postulat.</strong></span> <span class='ocrx_word' id='word_1_64' title='bbox 1273 1383 1340 1455; x_wconf 89' lang='lat' dir='ltr'><strong>Est</strong></span> 
     </span>
     <span class='ocr_line' id='line_1_13' title="bbox 297 1495 1338 1594; baseline 0.001 -26"><span class='ocrx_word' id='word_1_65' title='bbox 297 1496 409 1569; x_wconf 89' lang='lat' dir='ltr'><strong>etiam</strong></span> <span class='ocrx_word' id='word_1_66' title='bbox 426 1497 465 1568; x_wconf 93' lang='lat' dir='ltr'><strong>in</strong></span> <span class='ocrx_word' id='word_1_67' title='bbox 481 1497 639 1594; x_wconf 88' lang='lat' dir='ltr'><strong>cylindri</strong></span> <span class='ocrx_word' id='word_1_68' title='bbox 657 1498 737 1571; x_wconf 88' lang='lat' dir='ltr'><strong>cavi</strong></span> <span class='ocrx_word' id='word_1_69' title='bbox 754 1520 899 1570; x_wconf 89' lang='lat' dir='ltr'><strong>recessu</strong></span> <span class='ocrx_word' id='word_1_70' title='bbox 921 1519 1063 1568; x_wconf 91' lang='lat' dir='ltr'><strong>summo</strong></span> <span class='ocrx_word' id='word_1_71' title='bbox 1091 1495 1198 1568; x_wconf 89' lang='lat' dir='ltr'><strong>datus</strong></span> <span class='ocrx_word' id='word_1_72' title='bbox 1215 1495 1338 1570; x_wconf 89' lang='lat' dir='ltr'><strong>aditus</strong></span> 
     </span>
     <span class='ocr_line' id='line_1_14' title="bbox 298 1609 1338 1707; baseline -0.001 -24"><span class='ocrx_word' id='word_1_73' title='bbox 298 1609 375 1683; x_wconf 86' lang='lat' dir='ltr'><strong>aeri</strong></span> <span class='ocrx_word' id='word_1_74' title='bbox 395 1609 433 1682; x_wconf 91' lang='lat' dir='ltr'><strong>in</strong></span> <span class='ocrx_word' id='word_1_75' title='bbox 457 1611 608 1707; x_wconf 85' lang='lat' dir='ltr'><strong>globum</strong></span> <span class='ocrx_word' id='word_1_76' title='bbox 635 1635 848 1698; x_wconf 86' lang='lat' dir='ltr'><strong>concavum,</strong></span> <span class='ocrx_word' id='word_1_77' title='bbox 876 1609 1056 1682; x_wconf 87' lang='lat' dir='ltr'><strong>vitreum:</strong></span> <span class='ocrx_word' id='word_1_78' title='bbox 1088 1632 1198 1703; x_wconf 92' lang='lat' dir='ltr'><strong>quem</strong></span> <span class='ocrx_word' id='word_1_79' title='bbox 1228 1609 1338 1682; x_wconf 89' lang='lat' dir='ltr'><strong>etiam</strong></span> 
     </span>
     <span class='ocr_line' id='line_1_15' title="bbox 298 1721 1338 1818; baseline 0.001 -24"><span class='ocrx_word' id='word_1_80' title='bbox 298 1721 440 1795; x_wconf 85' lang='lat' dir='ltr'><strong>aditum</strong></span> <span class='ocrx_word' id='word_1_81' title='bbox 451 1723 628 1797; x_wconf 86' lang='lat' dir='ltr'><strong>clavicula</strong></span> <span class='ocrx_word' id='word_1_82' title='bbox 637 1725 811 1797; x_wconf 89' lang='lat' dir='ltr'><strong>obturare</strong></span> <span class='ocrx_word' id='word_1_83' title='bbox 824 1734 861 1796; x_wconf 89' lang='lat' dir='ltr'><strong>et</strong></span> <span class='ocrx_word' id='word_1_84' title='bbox 875 1722 1017 1818; x_wconf 91' lang='lat' dir='ltr'><strong>aperire</strong></span> <span class='ocrx_word' id='word_1_85' title='bbox 1029 1734 1184 1817; x_wconf 92' lang='lat' dir='ltr'><strong>possunt</strong></span> <span class='ocrx_word' id='word_1_86' title='bbox 1196 1723 1338 1817; x_wconf 92' lang='lat' dir='ltr'><strong>quoties</strong></span> 
     </span>
     <span class='ocr_line' id='line_1_16' title="bbox 297 1835 1338 1933; baseline 0.002 -27"><span class='ocrx_word' id='word_1_87' title='bbox 297 1835 438 1909; x_wconf 91' lang='lat' dir='ltr'><strong>volunt.</strong></span> <span class='ocrx_word' id='word_1_88' title='bbox 470 1835 636 1933; x_wconf 91' lang='lat' dir='ltr'><strong>Denique</strong></span> <span class='ocrx_word' id='word_1_89' title='bbox 649 1838 686 1910; x_wconf 91' lang='lat' dir='ltr'><strong>in</strong></span> <span class='ocrx_word' id='word_1_90' title='bbox 700 1837 810 1932; x_wconf 87' lang='lat' dir='ltr'><strong>globo</strong></span> <span class='ocrx_word' id='word_1_91' title='bbox 826 1836 943 1908; x_wconf 91' lang='lat' dir='ltr'><strong>vitreo</strong></span> <span class='ocrx_word' id='word_1_92' title='bbox 957 1858 1099 1907; x_wconf 91' lang='lat' dir='ltr'><strong>summo</strong></span> <span class='ocrx_word' id='word_1_93' title='bbox 1118 1835 1338 1931; x_wconf 87' lang='lat' dir='ltr'><strong>relinquitur</strong></span> 
     </span>
     <span class='ocr_line' id='line_1_17' title="bbox 297 1946 1339 2045; baseline 0 -25"><span class='ocrx_word' id='word_1_94' title='bbox 297 1946 462 2021; x_wconf 84' lang='lat' dir='ltr'><strong>foramen</strong></span> <span class='ocrx_word' id='word_1_95' title='bbox 480 1949 569 2022; x_wconf 89' lang='lat' dir='ltr'><strong>satis</strong></span> <span class='ocrx_word' id='word_1_96' title='bbox 585 1949 759 2045; x_wconf 88' lang='lat' dir='ltr'><strong>amplum,</strong></span> <span class='ocrx_word' id='word_1_97' title='bbox 776 1947 972 2039; x_wconf 86' lang='lat' dir='ltr'><strong>(clavicula</strong></span> <span class='ocrx_word' id='word_1_98' title='bbox 988 1947 1077 2019; x_wconf 91' lang='lat' dir='ltr'><strong>item</strong></span> <span class='ocrx_word' id='word_1_99' title='bbox 1095 1946 1339 2020; x_wconf 91' lang='lat' dir='ltr'><strong>claudendum</strong></span> 
     </span>
     <span class='ocr_line' id='line_1_18' title="bbox 299 2059 1338 2156; baseline 0.001 -23"><span class='ocrx_word' id='word_1_100' title='bbox 299 2071 337 2134; x_wconf 90' lang='lat' dir='ltr'><strong>et</strong></span> <span class='ocrx_word' id='word_1_101' title='bbox 353 2060 645 2155; x_wconf 88' lang='lat' dir='ltr'><strong>recludendum),</strong></span> <span class='ocrx_word' id='word_1_102' title='bbox 662 2075 706 2135; x_wconf 92' lang='lat' dir='ltr'><strong>ut</strong></span> <span class='ocrx_word' id='word_1_103' title='bbox 723 2062 761 2133; x_wconf 91' lang='lat' dir='ltr'><strong>in</strong></span> <span class='ocrx_word' id='word_1_104' title='bbox 779 2061 880 2134; x_wconf 92' lang='lat' dir='ltr'><strong>illum</strong></span> <span class='ocrx_word' id='word_1_105' title='bbox 896 2084 979 2156; x_wconf 86' lang='lat' dir='ltr'><strong>qnae</strong></span> <span class='ocrx_word' id='word_1_106' title='bbox 992 2059 1121 2132; x_wconf 86' lang='lat' dir='ltr'><strong>volunt</strong></span> <span class='ocrx_word' id='word_1_107' title='bbox 1139 2060 1338 2134; x_wconf 87' lang='lat' dir='ltr'><strong>immittere</strong></span> 
     </span>
     <span class='ocr_line' id='line_1_19' title="bbox 297 2172 1340 2271; baseline 0 -25"><span class='ocrx_word' id='word_1_108' title='bbox 297 2174 440 2270; x_wconf 89' lang='lat' dir='ltr'><strong>possint</strong></span> <span class='ocrx_word' id='word_1_109' title='bbox 457 2174 669 2271; x_wconf 82' lang='lat' dir='ltr'><strong>experiendi</strong></span> <span class='ocrx_word' id='word_1_110' title='bbox 685 2199 806 2249; x_wconf 87' lang='lat' dir='ltr'><strong>causa.</strong></span> <span class='ocrx_word' id='word_1_111' title='bbox 863 2174 958 2246; x_wconf 85' lang='lat' dir='ltr'><strong>&#39;lota</strong></span> <span class='ocrx_word' id='word_1_112' title='bbox 988 2172 1146 2268; x_wconf 91' lang='lat' dir='ltr'><strong>denique</strong></span> <span class='ocrx_word' id='word_1_113' title='bbox 1170 2174 1340 2246; x_wconf 90' lang='lat' dir='ltr'><strong>machina</strong></span> 
     </span>
     <span class='ocr_line' id='line_1_20' title="bbox 298 2286 1340 2381; baseline 0.001 -22"><span class='ocrx_word' id='word_1_114' title='bbox 298 2310 373 2360; x_wconf 92' lang='lat' dir='ltr'><strong>non</strong></span> <span class='ocrx_word' id='word_1_115' title='bbox 402 2287 556 2360; x_wconf 91' lang='lat' dir='ltr'><strong>multum</strong></span> <span class='ocrx_word' id='word_1_116' title='bbox 588 2287 723 2378; x_wconf 88' lang='lat' dir='ltr'><strong>differt,</strong></span> <span class='ocrx_word' id='word_1_117' title='bbox 754 2288 784 2360; x_wconf 92' lang='lat' dir='ltr'><strong>si</strong></span> <span class='ocrx_word' id='word_1_118' title='bbox 817 2297 988 2360; x_wconf 86' lang='lat' dir='ltr'><strong>naturam</strong></span> <span class='ocrx_word' id='word_1_119' title='bbox 1019 2286 1097 2380; x_wconf 90' lang='lat' dir='ltr'><strong>ejus</strong></span> <span class='ocrx_word' id='word_1_120' title='bbox 1131 2298 1286 2381; x_wconf 89' lang='lat' dir='ltr'><strong>spectes,</strong></span> <span class='ocrx_word' id='word_1_121' title='bbox 1317 2311 1340 2360; x_wconf 92' lang='lat' dir='ltr'><strong>a</strong></span> 
     </span>
     <span class='ocr_line' id='line_1_21' title="bbox 298 2397 1338 2497; baseline 0.001 -26"><span class='ocrx_word' id='word_1_122' title='bbox 298 2399 464 2495; x_wconf 89' lang='lat' dir='ltr'><strong>solopeto</strong></span> <span class='ocrx_word' id='word_1_123' title='bbox 482 2423 527 2473; x_wconf 86' lang='lat' dir='ltr'><strong>ex</strong></span> <span class='ocrx_word' id='word_1_124' title='bbox 555 2402 728 2474; x_wconf 90' lang='lat' dir='ltr'><strong>sambuco</strong></span> <span class='ocrx_word' id='word_1_125' title='bbox 752 2425 826 2497; x_wconf 92' lang='lat' dir='ltr'><strong>quo</strong></span> <span class='ocrx_word' id='word_1_126' title='bbox 851 2398 955 2496; x_wconf 88' lang='lat' dir='ltr'><strong>pueri</strong></span> <span class='ocrx_word' id='word_1_127' title='bbox 980 2423 1019 2471; x_wconf 92' lang='lat' dir='ltr'><strong>se</strong></span> <span class='ocrx_word' id='word_1_128' title='bbox 1044 2397 1229 2472; x_wconf 87' lang='lat' dir='ltr'><strong>delectant</strong></span> <span class='ocrx_word' id='word_1_129' title='bbox 1256 2400 1338 2472; x_wconf 90' lang='lat' dir='ltr'><strong>imi-</strong></span> 
     </span>
     <span class='ocr_line' id='line_1_22' title="bbox 298 2511 1340 2608; baseline 0.002 -25"><span class='ocrx_word' id='word_1_130' title='bbox 298 2524 420 2584; x_wconf 88' lang='lat' dir='ltr'><strong>tantes</strong></span> <span class='ocrx_word' id='word_1_131' title='bbox 443 2514 626 2608; x_wconf 88' lang='lat' dir='ltr'><strong>sclopetos</strong></span> <span class='ocrx_word' id='word_1_132' title='bbox 652 2513 820 2600; x_wconf 91' lang='lat' dir='ltr'><strong>militum,</strong></span> <span class='ocrx_word' id='word_1_133' title='bbox 846 2511 917 2585; x_wconf 91' lang='lat' dir='ltr'><strong>nisi</strong></span> <span class='ocrx_word' id='word_1_134' title='bbox 942 2512 1041 2607; x_wconf 92' lang='lat' dir='ltr'><strong>quod</strong></span> <span class='ocrx_word' id='word_1_135' title='bbox 1072 2513 1189 2607; x_wconf 89' lang='lat' dir='ltr'><strong>major</strong></span> <span class='ocrx_word' id='word_1_136' title='bbox 1214 2513 1273 2600; x_wconf 88' lang='lat' dir='ltr'><strong>sit,</strong></span> <span class='ocrx_word' id='word_1_137' title='bbox 1303 2525 1340 2585; x_wconf 92' lang='lat' dir='ltr'><strong>et</strong></span> 
     </span>
     <span class='ocr_line' id='line_1_23' title="bbox 299 2624 1340 2721; baseline 0.001 -25"><span class='ocrx_word' id='word_1_138' title='bbox 299 2627 436 2718; x_wconf 89' lang='lat' dir='ltr'><strong>majore</strong></span> <span class='ocrx_word' id='word_1_139' title='bbox 455 2637 533 2698; x_wconf 86' lang='lat' dir='ltr'><strong>arte</strong></span> <span class='ocrx_word' id='word_1_140' title='bbox 551 2625 761 2715; x_wconf 81' lang='lat' dir='ltr'><strong>fabricatus,</strong></span> <span class='ocrx_word' id='word_1_141' title='bbox 777 2637 814 2698; x_wconf 91' lang='lat' dir='ltr'><strong>et</strong></span> <span class='ocrx_word' id='word_1_142' title='bbox 827 2624 941 2721; x_wconf 92' lang='lat' dir='ltr'><strong>pluris</strong></span> <span class='ocrx_word' id='word_1_143' title='bbox 960 2636 1115 2696; x_wconf 90' lang='lat' dir='ltr'><strong>constet.</strong></span> <span class='ocrx_word' id='word_1_144' title='bbox 1147 2626 1340 2697; x_wconf 86' lang='lat' dir='ltr'><strong>Suetorem</strong></span> 
     </span>
     <span class='ocr_line' id='line_1_24' title="bbox 299 2738 1340 2833; baseline 0.001 -24"><span class='ocrx_word' id='word_1_145' title='bbox 299 2751 423 2809; x_wconf 87' lang='lat' dir='ltr'><strong>autem</strong></span> <span class='ocrx_word' id='word_1_146' title='bbox 441 2738 635 2810; x_wconf 91' lang='lat' dir='ltr'><strong>intrudunt</strong></span> <span class='ocrx_word' id='word_1_147' title='bbox 653 2751 688 2810; x_wconf 91' lang='lat' dir='ltr'><strong>et</strong></span> <span class='ocrx_word' id='word_1_148' title='bbox 708 2739 888 2811; x_wconf 87' lang='lat' dir='ltr'><strong>revellunt</strong></span> <span class='ocrx_word' id='word_1_149' title='bbox 909 2738 1011 2833; x_wconf 84' lang='lat' dir='ltr'><strong>(quia</strong></span> <span class='ocrx_word' id='word_1_150' title='bbox 1028 2738 1064 2808; x_wconf 90' lang='lat' dir='ltr'><strong>vi</strong></span> <span class='ocrx_word' id='word_1_151' title='bbox 1090 2762 1225 2831; x_wconf 88' lang='lat' dir='ltr'><strong>magna</strong></span> <span class='ocrx_word' id='word_1_152' title='bbox 1249 2763 1340 2833; x_wconf 91' lang='lat' dir='ltr'><strong>opus</strong></span> 
     </span>
     <span class='ocr_line' id='line_1_25' title="bbox 299 2850 1339 2946; baseline 0.003 -26"><span class='ocrx_word' id='word_1_153' title='bbox 299 2850 370 2941; x_wconf 89' lang='lat' dir='ltr'><strong>cst)</strong></span> <span class='ocrx_word' id='word_1_154' title='bbox 388 2874 462 2921; x_wconf 92' lang='lat' dir='ltr'><strong>non</strong></span> <span class='ocrx_word' id='word_1_155' title='bbox 478 2851 645 2922; x_wconf 91' lang='lat' dir='ltr'><strong>manibus</strong></span> <span class='ocrx_word' id='word_1_156' title='bbox 656 2874 810 2946; x_wconf 87' lang='lat' dir='ltr'><strong>semper,</strong></span> <span class='ocrx_word' id='word_1_157' title='bbox 824 2851 888 2922; x_wconf 91' lang='lat' dir='ltr'><strong>sed</strong></span> <span class='ocrx_word' id='word_1_158' title='bbox 902 2851 1033 2946; x_wconf 83' lang='lat' dir='ltr'><strong>saepius</strong></span> <span class='ocrx_word' id='word_1_159' title='bbox 1048 2852 1196 2922; x_wconf 83' lang='lat' dir='ltr'><strong>cochlea</strong></span> <span class='ocrx_word' id='word_1_160' title='bbox 1210 2852 1339 2923; x_wconf 84' lang='lat' dir='ltr'><strong>ferrea.</strong></span> 
     </span>
     <span class='ocr_line' id='line_1_26' title="bbox 300 2962 1340 3058; baseline 0.002 -24"><span class='ocrx_word' id='word_1_161' title='bbox 300 2962 373 3034; x_wconf 88' lang='lat' dir='ltr'><strong>Sed</strong></span> <span class='ocrx_word' id='word_1_162' title='bbox 399 2963 487 3056; x_wconf 91' lang='lat' dir='ltr'><strong>quid</strong></span> <span class='ocrx_word' id='word_1_163' title='bbox 511 2962 610 3035; x_wconf 87' lang='lat' dir='ltr'><strong>vides</strong></span> <span class='ocrx_word' id='word_1_164' title='bbox 638 2975 680 3035; x_wconf 92' lang='lat' dir='ltr'><strong>tu</strong></span> <span class='ocrx_word' id='word_1_165' title='bbox 707 2963 743 3033; x_wconf 91' lang='lat' dir='ltr'><strong>iu</strong></span> <span class='ocrx_word' id='word_1_166' title='bbox 771 2974 874 3035; x_wconf 90' lang='lat' dir='ltr'><strong>tanto</strong></span> <span class='ocrx_word' id='word_1_167' title='bbox 898 2975 1078 3058; x_wconf 90' lang='lat' dir='ltr'><strong>apparatu</strong></span> <span class='ocrx_word' id='word_1_168' title='bbox 1109 2978 1146 3035; x_wconf 92' lang='lat' dir='ltr'><strong>et</strong></span> <span class='ocrx_word' id='word_1_169' title='bbox 1173 2965 1340 3054; x_wconf 88' lang='lat' dir='ltr'><strong>artifici0,</strong></span> 
     </span>
     <span class='ocr_line' id='line_1_27' title="bbox 300 3076 846 3172; baseline 0 -25"><span class='ocrx_word' id='word_1_170' title='bbox 300 3076 399 3172; x_wconf 93' lang='lat' dir='ltr'><strong>quod</strong></span> <span class='ocrx_word' id='word_1_171' title='bbox 418 3077 549 3172; x_wconf 92' lang='lat' dir='ltr'><strong>probet</strong></span> <span class='ocrx_word' id='word_1_172' title='bbox 567 3076 645 3149; x_wconf 89' lang='lat' dir='ltr'><strong>dari</strong></span> <span class='ocrx_word' id='word_1_173' title='bbox 664 3076 846 3148; x_wconf 78' lang='lat' dir='ltr'><strong>vacuum?</strong></span> 
     </span>
    </p>

    <p class='ocr_par' dir='ltr' id='par_1_6' title="bbox 300 3190 1342 3737">
     <span class='ocr_line' id='line_1_28' title="bbox 351 3190 1341 3286; baseline 0.001 -23"><span class='ocrx_word' id='word_1_174' title='bbox 351 3191 399 3263; x_wconf 87' lang='grc' dir='ltr'><strong>Α.</strong></span> <span class='ocrx_word' id='word_1_175' title='bbox 428 3190 553 3280; x_wconf 89' lang='lat' dir='ltr'><strong>Video,</strong></span> <span class='ocrx_word' id='word_1_176' title='bbox 573 3190 603 3261; x_wconf 93' lang='lat' dir='ltr'><strong>si</strong></span> <span class='ocrx_word' id='word_1_177' title='bbox 627 3201 751 3263; x_wconf 91' lang='lat' dir='ltr'><strong>suotor</strong></span> <span class='ocrx_word' id='word_1_178' title='bbox 769 3190 940 3263; x_wconf 88' lang='lat' dir='ltr'><strong>trudatur</strong></span> <span class='ocrx_word' id='word_1_179' title='bbox 966 3215 1082 3286; x_wconf 91' lang='lat' dir='ltr'><strong>usque</strong></span> <span class='ocrx_word' id='word_1_180' title='bbox 1112 3192 1159 3263; x_wconf 92' lang='lat' dir='ltr'><strong>ad</strong></span> <span class='ocrx_word' id='word_1_181' title='bbox 1186 3192 1341 3264; x_wconf 87' lang='lat' dir='ltr'><strong>fundum</strong></span> 
     </span>
     <span class='ocr_line' id='line_1_29' title="bbox 300 3302 1341 3400; baseline 0.003 -26"><span class='ocrx_word' id='word_1_182' title='bbox 300 3303 454 3400; x_wconf 85' lang='lat' dir='ltr'><strong>cylindri</strong></span> <span class='ocrx_word' id='word_1_183' title='bbox 472 3302 575 3390; x_wconf 87' lang='lat' dir='ltr'><strong>aeuei,</strong></span> <span class='ocrx_word' id='word_1_184' title='bbox 591 3303 879 3398; x_wconf 91' lang='lat' dir='ltr'><strong>obturenturque</strong></span> <span class='ocrx_word' id='word_1_185' title='bbox 894 3304 1085 3392; x_wconf 87' lang='lat' dir='ltr'><strong>foramina,</strong></span> <span class='ocrx_word' id='word_1_186' title='bbox 1101 3320 1341 3399; x_wconf 90' lang='lat' dir='ltr'><strong>sequuturum</strong></span> 
     </span>
     <span class='ocr_line' id='line_1_30' title="bbox 300 3415 1342 3513; baseline 0.002 -25"><span class='ocrx_word' id='word_1_187' title='bbox 300 3440 391 3505; x_wconf 86' lang='lat' dir='ltr'><strong>esse,</strong></span> <span class='ocrx_word' id='word_1_188' title='bbox 426 3415 513 3488; x_wconf 92' lang='lat' dir='ltr'><strong>dum</strong></span> <span class='ocrx_word' id='word_1_189' title='bbox 548 3429 671 3487; x_wconf 87' lang='lat' dir='ltr'><strong>suctor</strong></span> <span class='ocrx_word' id='word_1_190' title='bbox 705 3417 915 3505; x_wconf 85' lang='lat' dir='ltr'><strong>retrahitur,</strong></span> <span class='ocrx_word' id='word_1_191' title='bbox 946 3416 1069 3489; x_wconf 92' lang='lat' dir='ltr'><strong>locum</strong></span> <span class='ocrx_word' id='word_1_192' title='bbox 1103 3418 1141 3488; x_wconf 91' lang='lat' dir='ltr'><strong>in</strong></span> <span class='ocrx_word' id='word_1_193' title='bbox 1176 3419 1342 3513; x_wconf 85' lang='lat' dir='ltr'><strong>cylindro</strong></span> 
     </span>
     <span class='ocr_line' id='line_1_31' title="bbox 301 3529 1342 3619; baseline 0.002 -18"><span class='ocrx_word' id='word_1_194' title='bbox 301 3554 390 3601; x_wconf 86' lang='lat' dir='ltr'><strong>cavo</strong></span> <span class='ocrx_word' id='word_1_195' title='bbox 421 3529 588 3600; x_wconf 90' lang='lat' dir='ltr'><strong>relictum</strong></span> <span class='ocrx_word' id='word_1_196' title='bbox 616 3529 694 3600; x_wconf 83' lang='lat' dir='ltr'><strong>fore</strong></span> <span class='ocrx_word' id='word_1_197' title='bbox 726 3554 893 3601; x_wconf 88' lang='lat' dir='ltr'><strong>vacuum.</strong></span> <span class='ocrx_word' id='word_1_198' title='bbox 946 3530 1054 3619; x_wconf 90' lang='lat' dir='ltr'><strong>Nam,</strong></span> <span class='ocrx_word' id='word_1_199' title='bbox 1082 3532 1190 3603; x_wconf 90' lang='lat' dir='ltr'><strong>utin</strong></span> <span class='ocrx_word' id='word_1_200' title='bbox 1221 3533 1342 3605; x_wconf 86' lang='lat' dir='ltr'><strong>locum</strong></span> 
     </span>
     <span class='ocr_line' id='line_1_32' title="bbox 301 3641 987 3737; baseline 0.003 -24"><span class='ocrx_word' id='word_1_201' title='bbox 301 3644 379 3737; x_wconf 87' lang='lat' dir='ltr'><strong>ejus</strong></span> <span class='ocrx_word' id='word_1_202' title='bbox 397 3641 569 3713; x_wconf 90' lang='lat' dir='ltr'><strong>succedat</strong></span> <span class='ocrx_word' id='word_1_203' title='bbox 587 3665 660 3730; x_wconf 89' lang='lat' dir='ltr'><strong>aer,</strong></span> <span class='ocrx_word' id='word_1_204' title='bbox 680 3654 737 3713; x_wconf 91' lang='lat' dir='ltr'><strong>est</strong></span> <span class='ocrx_word' id='word_1_205' title='bbox 753 3642 987 3736; x_wconf 90' lang='lat' dir='ltr'><strong>impossibile.</strong></span> 
     </span>
    </p>

    <p class='ocr_par' dir='ltr' id='par_1_7' title="bbox 302 3754 1344 4417">
     <span class='ocr_line' id='line_1_33' title="bbox 353 3754 1342 3850; baseline -0.001 -23"><span class='ocrx_word' id='word_1_206' title='bbox 353 3755 400 3827; x_wconf 92' lang='lat' dir='ltr'><strong>B.</strong></span> <span class='ocrx_word' id='word_1_207' title='bbox 429 3754 548 3826; x_wconf 90' lang='lat' dir='ltr'><strong>Credo</strong></span> <span class='ocrx_word' id='word_1_208' title='bbox 574 3754 743 3848; x_wconf 87' lang='lat' dir='ltr'><strong>equidem</strong></span> <span class='ocrx_word' id='word_1_209' title='bbox 763 3767 948 3827; x_wconf 90' lang='lat' dir='ltr'><strong>suctorem</strong></span> <span class='ocrx_word' id='word_1_210' title='bbox 973 3781 1057 3828; x_wconf 89' lang='lat' dir='ltr'><strong>oum</strong></span> <span class='ocrx_word' id='word_1_211' title='bbox 1082 3755 1237 3850; x_wconf 90' lang='lat' dir='ltr'><strong>cylindri</strong></span> <span class='ocrx_word' id='word_1_212' title='bbox 1262 3758 1342 3828; x_wconf 88' lang='lat' dir='ltr'><strong>cavi</strong></span> 
     </span>
     <span class='ocr_line' id='line_1_34' title="bbox 302 3867 1342 3962; baseline 0.001 -23"><span class='ocrx_word' id='word_1_213' title='bbox 302 3867 492 3962; x_wconf 88' lang='lat' dir='ltr'><strong>superficie</strong></span> <span class='ocrx_word' id='word_1_214' title='bbox 524 3868 613 3939; x_wconf 87' lang='lat' dir='ltr'><strong>satis</strong></span> <span class='ocrx_word' id='word_1_215' title='bbox 647 3879 749 3939; x_wconf 89' lang='lat' dir='ltr'><strong>arcte</strong></span> <span class='ocrx_word' id='word_1_216' title='bbox 778 3868 962 3940; x_wconf 87' lang='lat' dir='ltr'><strong>cohaerere</strong></span> <span class='ocrx_word' id='word_1_217' title='bbox 997 3869 1044 3941; x_wconf 91' lang='lat' dir='ltr'><strong>ad</strong></span> <span class='ocrx_word' id='word_1_218' title='bbox 1076 3869 1342 3940; x_wconf 82' lang='lat' dir='ltr'><strong>excludendum</strong></span> 
     </span>
     <span class='ocr_line' id='line_1_35' title="bbox 302 3980 1342 4077; baseline 0.004 -25"><span class='ocrx_word' id='word_1_219' title='bbox 302 3994 464 4053; x_wconf 89' lang='lat' dir='ltr'><strong>stramen</strong></span> <span class='ocrx_word' id='word_1_220' title='bbox 479 3994 515 4052; x_wconf 87' lang='lat' dir='ltr'><strong>et</strong></span> <span class='ocrx_word' id='word_1_221' title='bbox 526 3980 699 4075; x_wconf 89' lang='lat' dir='ltr'><strong>plumam,</strong></span> <span class='ocrx_word' id='word_1_222' title='bbox 711 4005 786 4053; x_wconf 90' lang='lat' dir='ltr'><strong>non</strong></span> <span class='ocrx_word' id='word_1_223' title='bbox 799 3992 920 4053; x_wconf 90' lang='lat' dir='ltr'><strong>autem</strong></span> <span class='ocrx_word' id='word_1_224' title='bbox 935 4007 1055 4054; x_wconf 92' lang='lat' dir='ltr'><strong>aerem</strong></span> <span class='ocrx_word' id='word_1_225' title='bbox 1068 4006 1185 4076; x_wconf 89' lang='lat' dir='ltr'><strong>neque</strong></span> <span class='ocrx_word' id='word_1_226' title='bbox 1199 4008 1342 4077; x_wconf 87' lang='lat' dir='ltr'><strong>aquam.</strong></span> 
     </span>
     <span class='ocr_line' id='line_1_36' title="bbox 303 4093 1342 4190; baseline 0.002 -25"><span class='ocrx_word' id='word_1_227' title='bbox 303 4093 433 4187; x_wconf 88' lang='lat' dir='ltr'><strong>Cogita</strong></span> <span class='ocrx_word' id='word_1_228' title='bbox 463 4094 561 4164; x_wconf 92' lang='lat' dir='ltr'><strong>enim</strong></span> <span class='ocrx_word' id='word_1_229' title='bbox 589 4093 687 4188; x_wconf 92' lang='lat' dir='ltr'><strong>quod</strong></span> <span class='ocrx_word' id='word_1_230' title='bbox 710 4118 784 4165; x_wconf 91' lang='lat' dir='ltr'><strong>nou</strong></span> <span class='ocrx_word' id='word_1_231' title='bbox 813 4094 865 4165; x_wconf 87' lang='lat' dir='ltr'><strong>ita</strong></span> <span class='ocrx_word' id='word_1_232' title='bbox 889 4106 1059 4166; x_wconf 88' lang='lat' dir='ltr'><strong>accurate</strong></span> <span class='ocrx_word' id='word_1_233' title='bbox 1084 4108 1342 4190; x_wconf 84' lang='lat' dir='ltr'><strong>congruerent,</strong></span> 
     </span>
     <span class='ocr_line' id='line_1_37' title="bbox 304 4206 1344 4305; baseline 0.005 -29"><span class='ocrx_word' id='word_1_234' title='bbox 304 4207 390 4300; x_wconf 91' lang='lat' dir='ltr'><strong>quin</strong></span> <span class='ocrx_word' id='word_1_235' title='bbox 414 4206 656 4301; x_wconf 90' lang='lat' dir='ltr'><strong>undequaque</strong></span> <span class='ocrx_word' id='word_1_236' title='bbox 679 4208 918 4280; x_wconf 87' lang='lat' dir='ltr'><strong>interstitium</strong></span> <span class='ocrx_word' id='word_1_237' title='bbox 943 4209 1210 4305; x_wconf 89' lang='lat' dir='ltr'><strong>relinqueretur</strong></span> <span class='ocrx_word' id='word_1_238' title='bbox 1229 4234 1344 4304; x_wconf 91' lang='lat' dir='ltr'><strong>quau-</strong></span> 
     </span>
     <span class='ocr_line' id='line_1_38' title="bbox 302 4319 1342 4417; baseline 0.006 -28"><span class='ocrx_word' id='word_1_239' title='bbox 302 4330 381 4389; x_wconf 94' lang='lat' dir='ltr'><strong>tum</strong></span> <span class='ocrx_word' id='word_1_240' title='bbox 398 4319 601 4390; x_wconf 88' lang='lat' dir='ltr'><strong>tenuissimi</strong></span> <span class='ocrx_word' id='word_1_241' title='bbox 624 4321 745 4414; x_wconf 87' lang='lat' dir='ltr'><strong>capilli</strong></span> <span class='ocrx_word' id='word_1_242' title='bbox 765 4345 879 4417; x_wconf 85' lang='lat' dir='ltr'><strong>capax</strong></span> <span class='ocrx_word' id='word_1_243' title='bbox 898 4335 1003 4395; x_wconf 90' lang='lat' dir='ltr'><strong>esset.</strong></span> <span class='ocrx_word' id='word_1_244' title='bbox 1057 4324 1231 4395; x_wconf 87' lang='lat' dir='ltr'><strong>Retracto</strong></span> <span class='ocrx_word' id='word_1_245' title='bbox 1254 4348 1342 4416; x_wconf 84' lang='lat' dir='ltr'><strong>ergo</strong></span> 
     </span>
    </p>
   </div>
   <div class='ocr_carea' id='block_1_5' title="bbox 0 0 1485 5010">
    <p class='ocr_par' dir='ltr' id='par_1_8' title="bbox 0 0 1485 5010">
     <span class='ocr_line' id='line_1_39' title="bbox 0 0 1485 5010; baseline 0 0"><span class='ocrx_word' id='word_1_246' title='bbox 0 0 1485 5010; x_wconf 95' lang='lat' dir='ltr'><strong> </strong></span> 
     </span>
    </p>
   </div>
  </div>
 </body>
</html>
