2956 5018
504 420 578 486 454
659 432 715 485 nn
735 419 966 485 numerans
987 430 1039 482 nr
1058 419 1431 482 aumocmamoun

311 627 381 669 cu.
392 627 470 669 xxn.
554 600 621 674 Est
637 622 726 696 ergo
744 621 853 672 arcus
866 598 918 672 Ba
931 598 1039 671 datus
1052 596 1190 671 divisus
1203 596 1385 671 trifariam
1403 621 1432 671 a
1450 620 1471 670 r

320 699 463 803 §.a
507 713 571 803 RB,
583 714 642 787 lo.
668 711 808 785 Eodem
825 710 936 785 modo
949 723 1075 808 potest
1092 735 1199 784 arcus
1216 734 1291 784 non
1308 711 1435 806 major
1450 735 1476 808 q

321 822 406 881 ’Ψ
505 850 613 902 arcus
632 825 707 912 BG,
725 825 840 898 dividi
857 824 1144 922 quinquifariam
1160 825 1220 897 vel
1242 825 1281 897 in
1299 823 1453 897 ratione

506 963 652 1035 cunque
669 939 768 1012 data.
822 939 926 1012 Siout
946 939 1057 1012 etiam
1080 962 1188 1011 arcus
1210 939 1328 1033 major
1345 961 1467 1034 quam

507 1051 538 1124 si
567 1051 753 1125 biseoetur
780 1051 899 1125 donee
921 1075 1006 1147 pars
1024 1052 1104 1147 ejus
1121 1051 1241 1124 minor
1263 1051 1311 1124 ait
1329 1074 1450 1148 quam

506 1187 639 1261 nempe
656 1176 800 1260 partem
818 1165 1007 1238 inventam
1026 1164 1247 1261 duplicando
1271 1163 1384 1239 toties
1411 1188 1478 1261 qu

507 1277 615 1350 datus
631 1278 793 1351 biseetus
810 1277 942 1351 fuerat,
1239 1339 1250 1356 .

556 1389 844 1488 Angulumergo
858 1390 897 1463 in
910 1390 1053 1464 ratione
1064 1390 1151 1464 data
1164 1389 1353 1464 divisimus
1367 1417 1377 1463 ε
1393 1403 1438 1465 et
1464 1426 1470 1458 ι

506 1513 620 1594 terea,
639 1504 753 1578 etiam
776 1505 1053 1601 proportionem
1080 1505 1206 1578 datam
1234 1503 1399 1578 dividere
1435 1507 1478 1579 d.

506 1641 588 1693 mua
621 1618 660 1691 in
693 1629 817 1714 partes
851 1618 1009 1714 aquales
1039 1630 1272 1715 quotcunque
1301 1618 1477 1714 require

508 1730 624 1828 idque
641 1731 815 1805 methodo
829 1732 985 1806 breviat
1000 1733 1205 1829 perspicua

893 2313 997 2388 CAP.
1016 2315 1161 2389 XXIII.

506 2491 560 2544 nn
590 2489 858 2549 unumunurn
888 2491 1030 2544 ancum
1060 2492 1303 2546 conaosmm
1333 2493 1391 2545 nx
1421 2496 1468 2548 a

557 2603 729 2656 mecum
757 2604 808 2654 nn
834 2604 1056 2656 nuncnune
1085 2594 1132 2658 30
1157 2608 1379 2660 ouunnuu.
1437 2611 1453 2662 1
1475 2621 1478 2657 ι

557 2716 788 2769 nunrunmo
809 2717 943 2769 suana
962 2718 1081 2770 raon.
1098 2704 1157 2780 47.
1175 2721 1299 2772 nunu.
1317 2721 1344 2787 1,
1360 2721 1457 2776 arc.

507 2860 782 2934 Qunnaarum
801 2871 913 2934 reotae
931 2862 1142 2958 compositae
1159 2888 1205 2936 ex
1230 2864 1336 2937 radio
1361 2864 1469 2939 circu

505 2984 684 3068 tangente
711 2995 817 3044 arcus
845 2980 894 3045 30
920 2974 1114 3069 graduum,
1141 2976 1267 3050 estad
1290 2975 1450 3072 quadrat

505 3085 621 3173 radio,
640 3097 681 3158 ut
700 3085 827 3159 decem
844 3084 893 3158 ad
910 3102 1080 3183 quatuor.

556 3198 612 3272 Sit
629 3198 753 3272 radius
771 3198 899 3271 circuli
909 3200 987 3287 AB,
999 3203 1103 3297 cujus
1114 3202 1332 3298 quadratum
1344 3202 1393 3276 sit
1404 3203 1476 3278 AB

505 3309 671 3382 Ducatur
683 3335 790 3384 arcus
803 3310 881 3400 BD,
893 3312 956 3406 qui
967 3325 1023 3386 est
1034 3314 1220 3410 quadrans
1233 3314 1361 3388 circuli
1374 3315 1478 3390 desc

505 3424 551 3495 ab
569 3424 647 3497 AB.

557 3537 709 3609 Secetur
729 3535 952 3632 quadratum
970 3539 1103 3612 ABCD
1130 3539 1169 3611 in
1194 3552 1352 3635 quatuor
1370 3542 1472 3636 quad

503 3648 657 3744 aqualia
674 3649 820 3722 arentis
840 3649 913 3738 EF,
928 3650 1011 3740 GH,
1028 3651 1237 3725 secantibus
1256 3677 1294 3725 se
1312 3666 1442 3728 mutuo
1464 3657 1474 3672 ⁰

504 3762 612 3836 Seoet
642 3774 764 3835 autem
795 3761 866 3834 GH
898 3787 1023 3837 arcum
1053 3764 1119 3837 BD
1150 3765 1188 3838 in
1219 3766 1275 3837 K:
1297 3767 1459 3863 jungatu

502 3886 605 3947 reeta
621 3874 702 3962 AK,
717 3873 1014 3972 producaturque
1033 3876 1081 3950 ad
1099 3878 1162 3951 BC
1180 3877 1218 3950 in
1232 3878 1281 3950 L:
1300 3879 1373 3951 erit
1391 3880 1456 3954 BL

501 4012 594 4084 gens
613 3996 661 4062 30
679 3987 874 4084 graduum.

553 4102 679 4174 Rectae
705 4102 768 4174 BL
797 4101 991 4196 adjiciatur
1018 4104 1056 4175 in
1085 4103 1264 4178 directum
1293 4105 1378 4191 LM,
1398 4131 1458 4203 aeq

503 4212 576 4285 BC.
640 4215 723 4287 Erit
748 4239 836 4311 ergo
865 4226 945 4287 tota
964 4216 1036 4288 ΒΜ
1061 4217 1267 4313 composita
1288 4241 1334 4290 ex
1358 4218 1422 4292 BC
1445 4245 1464 4293 r

502 4325 641 4414 circuli,
660 4339 700 4402 et
719 4329 790 4405 CM
808 4339 982 4423 tangente
1002 4338 1049 4405 30
1067 4329 1260 4426 graduum
