2946 5010
245 387 320 457 ³00
707 407 763 461 sn
783 405 945 461 nunna.

294 594 480 670 duonum
496 609 621 672 autern
638 599 815 697 quicquid
826 598 1056 697 producitur,
1074 611 1294 695 permotum
1307 624 1394 697 prn-

243 746 523 844 dncitnr,isqni
536 752 734 847 suppositis
747 753 906 826 motibus
916 749 1136 849 quibusdam
1146 751 1394 848 possibilibus,

242 897 315 972 illis
339 921 428 972 usus
445 898 723 975 demonstrandi
739 902 941 999 principiis,
958 900 1138 999 propositi
1158 902 1395 998 phaenomeni

242 1049 500 1123 necessitatem
533 1061 633 1125 recte
665 1051 844 1141 intulerit,
879 1052 911 1125 is
944 1053 1097 1148 inquam
1125 1062 1272 1125 tantum
1304 1052 1395 1127 fecit

242 1207 422 1292 quantum
440 1197 486 1270 ab
504 1197 666 1272 humana
684 1199 829 1274 ratione
845 1200 1034 1296 expectari
1051 1198 1173 1273 debet.

292 1346 424 1443 Neque
440 1347 533 1421 illud
552 1371 707 1445 parvum
733 1360 802 1423 est.
853 1349 933 1423 Etsi
962 1350 1062 1423 euim
1083 1372 1163 1422 rem
1187 1349 1242 1423 ita
1263 1375 1393 1427 revera

240 1506 456 1592 generatam
480 1520 560 1571 esse
588 1521 665 1572 non
690 1499 834 1596 probet,
856 1500 910 1574 ita
936 1510 1061 1573 tamen
1088 1501 1257 1597 generari
1283 1526 1391 1598 posse

241 1646 384 1742 quoties
401 1650 558 1723 materia
571 1650 680 1723 simul
697 1664 735 1724 et
752 1663 875 1724 motus
890 1650 930 1723 in
946 1662 1076 1724 nostra
1091 1661 1274 1747 potestate
1291 1664 1390 1739 sunt,

240 1797 331 1872 satis
347 1800 491 1896 probat.
544 1799 588 1874 ld
606 1798 707 1897 quod
730 1800 900 1874 humanis
919 1800 1029 1873 rebus
1054 1824 1129 1874 non
1156 1799 1277 1874 minus
1301 1803 1389 1876 utile

238 1957 309 2040 est,
325 1973 436 2046 quam
453 1949 483 2025 si
503 1949 663 2047 cognitae
679 1961 803 2024 essent
819 1949 909 2046 ipsae
926 1972 1048 2022 causoe
1063 1949 1263 2023 naturales.

289 2100 444 2176 Naturae
464 2114 588 2176 antem
617 2100 890 2198 contemplatio,
914 2100 1027 2173 etiam
1050 2099 1128 2173 sine
1152 2099 1223 2174 illis
1251 2103 1388 2176 severis

239 2251 564 2327 demonstrationis
580 2251 736 2349 legibus,
754 2250 864 2325 modo
882 2249 1014 2338 verbis,
1037 2249 1161 2346 qualia
1177 2249 1215 2323 in
1233 2251 1388 2349 scripto

237 2402 340 2478 ribus
353 2402 518 2501 Physica
534 2427 611 2477 non
628 2426 713 2476 raro
729 2401 974 2498 reperiuntur,
999 2399 1170 2474 inanibus
1192 2411 1230 2474 et
1252 2402 1387 2499 ineptis

237 2576 313 2626 non
335 2555 516 2643 turbetur,
534 2554 699 2626 omnium
716 2552 829 2625 animi
847 2573 998 2648 operum
1021 2550 1285 2624 nobilissimum
1303 2565 1385 2626 est:

236 2702 308 2775 illis
330 2703 471 2789 saltem,
490 2702 622 2798 quibus
645 2702 761 2774 otium
780 2713 836 2773 est
859 2726 883 2774 a
905 2699 1027 2773 studio
1045 2723 1169 2772 rernm
1198 2704 1385 2776 communi

237 2853 325 2926 vitae
342 2854 642 2926 necessariarum.

289 3000 399 3075 Quod
423 3027 446 3074 a
466 3003 583 3075 mein
609 3003 680 3075 hoc
706 3003 830 3077 libello
857 3005 1029 3076 effectum
1052 3018 1120 3093 est,
1146 3028 1279 3077 munus
1305 3028 1383 3077 esse

234 3152 312 3227 scio
336 3164 441 3228 tanto
461 3156 562 3250 Rege
579 3154 785 3252 indignum.
836 3156 1011 3230 Attamen
1030 3157 1061 3229 si
1082 3168 1272 3252 spectetur
1292 3156 1381 3252 (quo

236 3304 346 3379 modo
365 3307 569 3380 oblationes
587 3320 754 3402 spectare
772 3307 864 3380 solet
882 3307 998 3399 Dens)
1016 3330 1189 3379 unacum
1206 3306 1329 3380 animo
1346 3318 1382 3380 et

236 3481 276 3530 re
294 3458 492 3547 offerentis,
506 3482 581 3530 non
599 3458 785 3554 ingratum
802 3458 881 3531 fore
900 3481 1047 3554 sperare
1065 3457 1194 3530 deben.

285 3609 422 3682 Verum
440 3622 483 3681 ut
500 3608 579 3681 haec
597 3607 645 3680 ad
663 3620 764 3681 tuam
777 3608 1012 3703 Majestatem
1025 3607 1170 3696 ferrem,
1182 3606 1308 3679 mnltae
1323 3632 1381 3680 me

235 3759 459 3855 impulerunt
476 3783 607 3832 causae.
660 3759 793 3848 Primo,
813 3759 912 3855 quod
937 3758 1195 3855 cognoscenda
1218 3770 1339 3831 essent
1357 3785 1379 3832 a

231 3910 356 4004 judice
373 3913 478 4006 cujus
495 3920 592 3982 esset
608 3909 818 3982 intellectus
838 3908 1009 4003 optimus
1027 3920 1066 3980 et
1093 3909 1188 3980 ratio
1216 3907 1381 3979 neutrius

234 4060 348 4155 partis
366 4059 488 4133 studio
515 4059 661 4143 inflexa,
678 4082 747 4130 nec
764 4057 884 4129 verbis
912 4055 1203 4151 significantibus
1231 4053 1380 4150 quidem

234 4209 338 4299 nihil,
351 4208 416 4282 sed
429 4209 552 4305 qualia
561 4206 837 4280 difficultatibus
848 4205 965 4302 pressi
976 4229 1022 4278 ne
1033 4204 1125 4277 nihil
1136 4204 1303 4277 dicerent
1314 4227 1380 4276 un·
