2946 5010
411 409 987 467 urrunnurrcnnonmanar.
1142 401 1211 467 193

175 570 240 644 QF
257 573 328 647 erit
345 575 392 649 ad
406 577 480 666 RF,
493 587 533 650 ut
546 577 721 650 velocitas
738 602 810 673 qua
828 576 1048 651 describitur
1074 577 1139 652 GE
1163 578 1211 651 ad
1243 607 1395 647 unrocus

173 685 406 762 velocitatem
423 705 497 793 qua
513 689 734 763 describitur
752 690 838 774 RF3
866 690 971 763 etsie
999 689 1044 762 de
1068 689 1210 762 caeteris
1249 688 1391 792 ᾦ

173 799 341 873 omnibus
359 803 469 875 rectis
487 815 598 875 rectae
616 802 683 875 DE
693 803 886 899 parallelis.
915 803 966 876 Ut
983 827 1071 899 ergo
1085 813 1215 893 rectae,

173 937 254 1009 quae
280 927 365 988 sunt
393 915 574 1011 parallelae
599 916 705 989 lateri
723 917 806 1000 AB,
833 917 1148 1012 terminanturque
1170 917 1210 989 in

171 1025 269 1101 linea
287 1029 439 1117 BEFC,
458 1042 544 1102 sunt
561 1053 740 1104 mensurae
763 1043 991 1126 temporum;
1016 1030 1069 1102 ita
1086 1042 1209 1119 rectae,

172 1164 253 1235 quae
285 1154 371 1216 sunt
402 1144 586 1239 parallelae
616 1144 723 1217 lateri
750 1144 833 1235 BD,
860 1144 1148 1240 terminataeque·
1170 1143 1210 1217 iu

171 1254 300 1328 eadem
327 1254 425 1329 linea
456 1258 610 1347 B'EFC,
637 1270 724 1330 sunt
750 1281 930 1332 mensurae
959 1257 1208 1331 velocitatum.

171 1365 207 1438 N
209 1392 268 1440 am
287 1394 498 1444 concessum
513 1383 579 1460 est,
597 1373 636 1444 in
654 1396 726 1467 qua
743 1371 885 1445 ratione
913 1383 1094 1467 augentur
1110 1371 1209 1445 velo-

171 1479 311 1570 citates,
326 1482 364 1555 in
382 1482 510 1555 eadem
527 1483 653 1580 augeri
671 1494 789 1558 rectas
805 1485 931 1558 eodem
947 1496 1111 1580 tempore
1128 1508 1209 1572 per-

170 1616 306 1686 cursas,
325 1593 445 1685 idest,
464 1609 584 1669 rectas
602 1596 683 1685 QF,
697 1598 779 1688 OE,
792 1597 874 1688 BD,
889 1609 960 1670 etc.

83 1710 85 1712 ’
219 1707 268 1779 Β.
295 1707 433 1780 Verum
451 1721 519 1782 est.

221 1820 270 1892 A.
296 1821 380 1894 Jam
393 1822 500 1895 lineae
519 1822 592 1895 illae
605 1823 826 1907 omnesQE
841 1823 923 1911 ΟΕ,
935 1822 1109 1912 DB‚etc.‚
1121 1848 1208 1896 con-

171 1933 330 2006 stituunt
346 1935 497 2030 planum
516 1934 707 2024 DBEFC,
722 1948 760 2008 et
776 1936 883 2008 lineae
901 1958 1027 2007 omnes
1042 1935 1120 2024 HF,
1133 1937 1207 2027 GE,

169 2047 248 2135 AB,
268 2042 351 2135 etc,
364 2047 593 2120 constituunt
606 2048 755 2144 planum
770 2048 951 2120 ACFEB:
971 2071 1125 2143 quarum
1135 2049 1207 2122 illae

170 2173 256 2231 sunt
269 2172 511 2257 aggregatum
525 2160 774 2252 velocitatum,
788 2162 846 2234 hae
863 2174 1103 2257 aggregatum
1114 2173 1207 2236 tem·
1227 2214 1241 2241 t

168 2296 312 2368 porum.
395 2274 445 2347 Ut
474 2275 588 2371 igitur
613 2286 856 2371 aggregatum
889 2275 1125 2347 velocitatum
1159 2275 1208 2349 ad

169 2400 411 2483 aggregatum
428 2402 647 2485 temporum,
665 2390 717 2461 ita
729 2389 1035 2484 complementum
1049 2388 1207 2462 DBEFC

168 2500 216 2572 ad
234 2501 389 2601 liguram
404 2502 593 2574 ABEFC.
647 2500 833 2597 Siquidem
852 2526 939 2597 ergo
957 2503 1118 2575 rationes
1132 2501 1202 2574 DB

168 2612 216 2684 ad
234 2614 302 2686 ΟΕ
320 2628 358 2686 et
375 2614 445 2686 OE
460 2614 510 2686 ad
528 2614 599 2688 ΟΡ
615 2614 753 2686 fuerint
779 2614 914 2710 ubique
932 2615 1116 2687 rationum
1134 2612 1205 2685 AB

169 2725 217 2797 ad
235 2726 301 2800 GE
326 2737 363 2799 et
386 2727 454 2799 GE
479 2726 527 2799 ad
545 2727 619 2799 HF
648 2728 819 2823 (exempli
846 2727 970 2817 causa)
1000 2728 1204 2826 triplicatae,

169 2850 278 2912 erunt
291 2840 369 2912 vice
386 2863 492 2912 versa
508 2840 668 2913 rationes
687 2841 756 2913 ΟΕ
767 2839 815 2913 ad
832 2840 903 2913 DB
921 2854 959 2913 ct
978 2841 1048 2915 QF
1064 2841 1111 2914 ad
1124 2841 1205 2931 OE,

168 2953 354 3026 rationum
374 2953 440 3040 GE
459 2953 506 3026 ad
523 2954 589 3026 AB
608 2966 646 3026 et
674 2954 742 3026 HF
771 2952 819 3027 ad
844 2955 906 3027 GE
930 2954 1204 3050 subtriplicatae.

170 3064 294 3139 Quare
320 3079 559 3162 aggregatum
585 3068 749 3141 omnium
767 3068 843 3156 oF,
857 3069 934 3157 OE,
949 3068 1026 3157 BD,
1040 3079 1123 3156 etc,
1140 3092 1204 3164 ag-

167 3182 311 3275 gregati
329 3183 492 3254 omnium
504 3182 582 3268 HF,
596 3182 670 3270 GE,
682 3182 759 3269 ΑΒ,
771 3194 855 3270 etc,
867 3183 936 3254 erit
950 3183 1031 3276 (per
1040 3205 1204 3276 assump-

169 3305 248 3365 tum
266 3294 484 3388 secundum)
505 3294 737 3390 subtriplum.
791 3293 843 3366 Ut
858 3317 945 3389 ergo
963 3305 1204 3388 aggregatum

169 3407 404 3480 velocitatum
422 3406 469 3478 ad
485 3417 725 3503 aggregatum
748 3419 965 3501 tempomm‚
984 3406 1115 3502 quibus
1142 3405 1205 3478 de-

168 3519 379 3592 scribuntur
395 3521 514 3615 figura
544 3519 716 3591 deficiens
741 3530 779 3589 et
810 3518 1129 3613 complementum,
1154 3517 1207 3589 ita

169 3632 240 3704 erit
257 3633 375 3728 ipsum
395 3633 702 3727 complementum
721 3630 768 3702 ad
785 3632 941 3727 figuram
958 3633 1086 3728 ipsam,
1097 3631 1205 3702 nimi-

167 3769 261 3833 rum,
280 3747 587 3842 complementum
606 3744 765 3818 DBEEC
781 3745 829 3818 ad
855 3746 1008 3841 figuram
1023 3744 1203 3817 ABEFC:

168 3858 268 3954 quod
286 3872 366 3931 erat
385 3859 725 3933 demonstrandum.

218 3971 267 4043 B.
296 3971 471 4068 Sequitur
488 3973 585 4059 hinc,
604 3972 804 4069 quodcum
823 3971 860 4042 iu
888 3969 1079 4064 triangulis
1109 3965 1206 4042 basis

168 4086 347 4158 decrescit
365 4086 401 4157 iu
426 4086 567 4159 ratione
586 4099 805 4181 temporum,
824 4083 1205 4178 parallelogrammum

167 4199 237 4270 erit
255 4199 311 4270 sui
329 4199 504 4292 trianguli
523 4198 697 4294 duplum;
725 4221 879 4292 cumque
892 4197 989 4269 basis
1008 4196 1206 4290 semipara-

166 4310 260 4382 bolae
279 4311 467 4383 decrescat
485 4311 679 4383 iuratione
697 4322 901 4406 temporum
922 4309 1115 4404 duplicata,
1134 4309 1206 4382 erit

267 4446 361 4498 von.
377 4447 433 4497 1v.
1079 4443 1103 4495 o
