2946 5010
310 370 358 437 48
527 383 795 438 nxauruarro
816 384 866 439 nn
885 382 1135 437 nusuurmo

119 576 270 618 hramous
310 561 421 639 certe,
450 575 535 624 cum
564 575 639 626 non
665 553 785 626 solum
814 552 861 624 ab
886 551 1052 642 Euclide,
1081 550 1283 626 sedetiam
1304 549 1352 625 ab

125 657 268 764 ,ζῆ
310 664 481 738 omnibus
499 677 579 739 tum
595 666 780 740 veteribus
796 676 877 739 tum
892 666 1161 740 recentioribus
1184 665 1297 739 sciret
1313 686 1353 737 se

311 776 518 869 dissentire,
545 801 709 852 errorem
736 779 774 851 in
801 778 920 875 seipso
946 801 1025 853 esse
1052 802 1127 853 non
1151 777 1200 852 sit
1222 776 1352 875 saltem

310 890 527 987 suspicatus,
553 890 620 966 sed
647 915 775 967 eornm
808 891 967 965 inventis
1001 891 1073 964 hoc
1099 888 1285 965 addidisse
1313 913 1352 964 se

310 1003 594 1090 existimaverit,
620 1005 691 1079 nisi
712 1005 844 1079 scirem
865 1006 969 1101 cujus
986 1015 1085 1078 esset
1102 1014 1224 1092 sectae.
1277 1003 1352 1080 Qui

309 1116 476 1214 proxime
505 1130 719 1216 sequuntur,
754 1117 901 1191 circiter
929 1117 1061 1214 viginti
1091 1140 1230 1207 versus,
1265 1127 1353 1192 suut

309 1230 432 1328 gravis
462 1243 501 1304 et
530 1231 663 1306 acerba
695 1230 932 1327 reprehensio
963 1230 1184 1305 temeritatis
1211 1253 1350 1320 eorum,

310 1343 425 1441 quisi
446 1343 504 1418 vel
524 1343 708 1418 tantillum
731 1344 864 1434 sciunt,
888 1343 1044 1417 aliorum
1067 1343 1232 1418 omnium
1253 1344 1351 1440 peri-

310 1457 400 1530 tiam
415 1456 475 1530 vel
490 1456 598 1531 flocci
614 1456 756 1531 faciunt
767 1456 826 1530 vel
843 1455 1078 1553 superciliose
1096 1466 1349 1531 contemnunt.

311 1569 424 1667 Cujus
451 1569 744 1667 reprehensionis
767 1569 912 1666 justitia
936 1569 990 1642 ita
1011 1568 1205 1645 manifesta
1221 1582 1289 1660 est,
1308 1580 1352 1644 ut

309 1682 402 1757 nihil
431 1684 531 1758 circa
563 1706 644 1756 eam
673 1682 956 1757 examinandum
983 1683 1042 1773 sit,
1071 1682 1143 1757 nisi
1169 1682 1218 1756 ad
1241 1707 1351 1781 quem

308 1796 540 1892 potissimum
557 1796 808 1871 collimaverit.

360 1908 410 1984 B.
436 1908 592 1984 Videtur
618 1909 691 1984 hoc
716 1910 799 1983 loco
822 1934 887 1984 eos
908 1909 1105 2006 scriptores
1123 1933 1250 1984 omnes
1267 1933 1350 2007 per-

309 2021 501 2119 stringere,
520 2024 583 2123 qui
599 2046 674 2098 non
691 2021 820 2097 eedem
843 2023 882 2096 in
900 2021 1169 2098 mathematicis
1186 2024 1352 2097 sentiunt

308 2157 390 2232 quae
407 2134 496 2233 ipse.

358 2248 409 2322 A.
435 2248 577 2322 Deinde
604 2249 652 2322 ad
678 2249 890 2323 institutum
915 2246 1062 2322 rediens
1085 2248 1137 2322 sic
1161 2249 1352 2324 scribit.-

311 2360 421 2446 Quod
435 2361 490 2434 ad
499 2385 577 2434 rem
586 2371 812 2460 presseutem
824 2359 972 2451 attinet,
985 2384 1127 2451 assero,
1140 2372 1177 2436 et
1189 2371 1351 2435 esurum

308 2473 528 2547 senteutiam
537 2472 656 2572 probe
668 2472 909 2560 intellectam,
919 2482 957 2547 et
968 2498 1049 2572 qua
1059 2498 1128 2548 nos¹
1136 2473 1350 2563 missimus,

309 2584 408 2657 satis
441 2594 615 2659 constare
643 2609 769 2684 posse.
822 2585 919 2685 Ipsa
947 2585 1043 2660 caim
1064 2585 1254 2685 principii
1281 2610 1351 2660 coa

311 2695 453 2793 duplici
469 2696 604 2772 saltem
620 2697 879 2798 acceptatione
898 2698 1074 2788 occurrit,
1090 2707 1207 2796 prora
1223 2724 1353 2798 aeuum

309 2808 502 2906 sigificat
519 2811 791 2910 primumquod
807 2811 872 2901 sic,
891 2809 950 2884 vel
964 2810 1136 2885 ultimum
1150 2812 1250 2909 quod
1262 2838 1350 2889 non.

223 2943 226 2949 ·
309 2920 375 2995 Sic
400 2923 436 2997 si
462 2924 626 2999 baeredis
644 2925 714 3022 jus
739 2924 777 2999 ia
800 2948 877 2998 rem
902 2923 1182 2999 hereditariam
1202 2924 1251 2999 ab
1267 2926 1351 3024 ipso

301 3035 433 3130 patris
464 3036 618 3113 interitu
646 3038 815 3138 incipere
845 3037 1022 3120 dicatum
1046 3037 1120 3111 erit
1149 3038 1218 3112 boc
1237 3040 1350 3137 pria-

308 3147 446 3246 cipium
471 3150 643 3225 ultimum
665 3151 765 3248 quod
788 3174 875 3225 non.
929 3150 977 3224 Si
992 3173 1079 3223 oero
1095 3148 1263 3224 dicamus
1278 3151 1350 3226 lsa-

308 3262 413 3336 redis
425 3265 494 3360 jus
516 3264 685 3340 inchoari
706 3289 732 3337 a
744 3263 872 3363 primo
890 3272 1064 3336 summoto
1081 3263 1325 3337 successionis
1336 3293 1351 3347 ,-

307 3374 421 3450 etiam
436 3376 493 3450 ita
510 3401 597 3451 cere
611 3376 763 3467 dicitur,
786 3377 857 3450 sed
870 3375 938 3450 hoc
950 3374 1180 3474 principium
1201 3387 1258 3450 est
1275 3378 1350 3474 pri·

308 3513 410 3563 mum
427 3489 527 3587 quod
543 3492 608 3565 sic.

359 3601 408 3676 B.
437 3602 631 3677 Subtiliter
647 3602 738 3676 haec.

358 3715 408 3789 Α.
435 3715 516 3800 Ita;
542 3739 586 3790 ac
603 3717 635 3789 si
652 3715 816 3803 dixisset,
830 3715 942 3787 finem
960 3713 1090 3810 capitis
1106 3713 1349 3809 praecedentis

307 3851 386 3901 esse
403 3829 624 3926 principium
642 3827 774 3924 capitis
791 3827 912 3922 hujus.

359 3938 408 4013 Β.
436 3941 627 4015 Subtiliter
644 3938 740 4026 dico,
757 3938 797 4012 id
817 3949 886 4028 est,
904 3937 1131 4027 scholastice,
1149 3938 1208 4011 vel
1233 3950 1348 4012 meta-

307 4053 468 4149 physice.
512 4052 731 4129 Scholastici
757 4051 856 4126 enim
876 4051 963 4126 olim
992 4051 1219 4127 subtilissimi
1240 4052 1348 4126 habe-

306 4167 454 4240 bantur.

359 4278 408 4353 A.
435 4277 630 4355 Subtiliter
646 4304 714 4377 pro
732 4277 898 4354 barbae.
943 4278 1036 4355 Quis
1053 4278 1200 4376 putabit
1222 4278 1345 4354 incho-
