2946 5010
373 419 688 474 narnnuamcn
709 419 952 474 nonlllRNAE.
1129 412 1176 478 23

133 581 246 679 cipuli
271 605 354 655 eam
371 597 491 677 ἔμαθον,
509 583 547 657 id
573 593 639 673 est,
664 583 884 675 didicerunt,
903 586 1175 681 intellexerunt,
1213 619 1366 665 unrocus

131 706 386 792 perceperunt,
405 695 443 767 id
465 695 564 792 quod
589 696 669 770 sine
687 720 830 772 summa
854 698 1038 774 evidentia
1053 700 1175 776 facere
1214 703 1356 807 ,ss

130 833 205 881 non
218 819 434 904 potuerunt.
465 809 521 882 De
534 809 614 883 aliis
629 810 749 899 rebus,
763 811 841 884 sine
853 813 1044 910 principiis
1057 816 1172 889 mani-

129 920 232 994 festis
249 932 288 995 et
311 922 391 995 sine
407 935 581 996 accurata
597 923 889 1015 ratiocinatione,
916 926 955 999 in
971 928 1173 1023 porticibus

130 1045 169 1107 et
185 1034 417 1125 ambulacris,
435 1059 458 1109 a
477 1034 690 1110 sedentibus
716 1037 1044 1127 ambulantibusre‚
1066 1043 1173 1116 scho-

129 1146 269 1238 lastice,
295 1148 334 1222 id
357 1159 425 1238 est,
448 1162 634 1241 ποχαπικῶς
650 1150 908 1241 disserebatur,
937 1153 1173 1249 quemadmo-

129 1260 219 1334 dum
235 1285 302 1335 nos
319 1285 417 1334 nunc
435 1261 644 1336 disserimus
658 1288 724 1360 per
736 1263 925 1361 fortasse.
958 1267 1007 1339 Et
1024 1267 1170 1363 quidem

129 1374 161 1446 si
190 1386 343 1471 propter
375 1374 446 1447 hoc
472 1373 689 1449 dicebantur
713 1377 989 1470 mathematica,
1015 1404 1090 1454 non
1116 1396 1173 1456 est

129 1486 276 1562 difficile
310 1487 567 1561 universaliter
601 1487 754 1564 definire
782 1491 872 1586 quid
904 1492 952 1566 sit
985 1493 1171 1570 mathesis,

128 1602 196 1676 Est
213 1602 311 1677 enim
328 1601 514 1688 mathesis,
541 1602 705 1700 cognitio
731 1604 905 1677 veritatis
927 1629 1004 1702 per
1030 1605 1170 1680 demon·

128 1714 358 1788 strationem.

180 1827 230 1900 B.
258 1827 432 1901 Scientiae
450 1849 550 1923 ergo,
564 1829 673 1925 juxta
684 1839 787 1901 tuam
804 1828 1068 1921 definitionem,
1084 1841 1172 1905 sunt

129 1964 255 2014 omnes
272 1939 553 2013 mathematica.
606 1940 681 2014 Cur
697 1964 785 2037 ergo
812 1941 932 2015 Graeci
951 1967 1025 2016 non
1044 1967 1170 2016 omnes

127 2054 298 2127 scientias
315 2053 369 2128 sic
387 2051 593 2126 vocabant?

177 2167 226 2241 Α.
257 2167 389 2239 Annon
424 2188 551 2238 omnes
584 2164 637 2237 sic
670 2164 865 2252 vocabant,
904 2189 986 2262 quae
1022 2164 1168 2239 traditae

126 2291 232 2352 erant
248 2277 563 2352 demonstrative?
615 2276 712 2350 Nam
741 2302 823 2374 quae
849 2278 1078 2352 theoremata
1105 2278 1167 2359 de·

126 2404 330 2467 monstrata
353 2392 562 2465 habuerunt
591 2391 711 2465 Graeci
737 2402 892 2482 veteres,
921 2405 1168 2490 praeterquam

126 2507 225 2579 circa
239 2505 488 2601 quantitatem
502 2503 515 2576 l

176 2618 226 2693 B.
253 2618 346 2691 Puto
364 2618 475 2690 nulla.

175 2731 225 2806 Α.
251 2731 364 2804 Vides
381 2755 469 2827 ergo
484 2753 632 2804 causam
650 2753 715 2802 cur
732 2730 805 2804 illae
822 2731 998 2820 scientiae,
1013 2755 1169 2827 quarum

124 2844 328 2942 subjectum
365 2855 421 2916 est
456 2842 654 2938 quantitas
696 2842 783 2916 solae
824 2843 960 2916 habitae
1000 2853 1086 2916 sunt
1120 2844 1168 2917 ab

124 2957 285 3054 antiquis
314 2956 597 3045 mathematicae,
631 2967 669 3028 et
703 2956 755 3028 sic
789 2956 1021 3052 appellantur
1055 2957 1168 3030 etiam

123 3069 245 3143 hodie.
299 3071 429 3167 ltaque
459 3070 490 3142 si
515 3069 578 3142 illo
608 3078 774 3165 tempore
802 3069 982 3143 doctrinae
1018 3070 1167 3144 moralis

125 3196 162 3257 et
190 3184 308 3257 civilis
330 3183 486 3257 fuissent
514 3182 786 3273 demonstratae,
818 3207 885 3255 cur
914 3207 989 3255 non
1018 3183 1167 3256 credam

124 3309 160 3370 et
189 3298 271 3370 illas
298 3321 366 3393 pro
393 3296 663 3370 mathematicis
694 3296 822 3369 haberi
848 3295 1036 3393 potuisse?
1080 3296 1167 3369 Non

125 3409 222 3484 enim
239 3411 458 3508 subjectum,
476 3409 542 3483 sed
568 3407 897 3483 demonstrationes
923 3408 1064 3481 faciunt
1090 3431 1167 3480 ma-

124 3522 371 3598 thematicam.

176 3636 326 3710 tranen
356 3637 434 3732 jam
468 3635 515 3708 ad
549 3635 787 3709 scientiarum
823 3631 1166 3707 mathematicorum

123 3747 422 3845 species—Sunt
436 3757 558 3820 autem
575 3745 784 3845 disciplina
798 3744 1066 3819 mathematica
1079 3742 1166 3817 alia

118 3886 237 3960 para,
273 3860 360 3934 alia
392 3860 528 3933 miotae.
597 3856 723 3931 Paros
757 3858 913 3932 dicimus
947 3856 1046 3942 illas,
1089 3882 1166 3953 qaae

123 3974 365 4072 quantitatem
382 3971 550 4045 absolate
563 3970 840 4044 consideratam
856 3978 1035 4058 tractant,
1046 3978 1166 4067 prout

122 4113 147 4161 a
169 4085 335 4160 materia
359 4084 606 4159 abstrahitur.
658 4083 806 4156 Miatoo
833 4092 955 4156 autem
985 4082 1073 4156 illac
1096 4108 1164 4180 ap-

117 4200 319 4298 pellamus,
333 4198 372 4272 in
390 4196 518 4295 quibas
528 4208 675 4295 prater
693 4195 1026 4269 considerationem
1051 4221 1165 4293 qaan-

123 4314 258 4401 litatis,
276 4312 353 4385 siae
376 4309 570 4385 multitado
593 4310 662 4384 illa
675 4309 808 4408 faerit
833 4310 912 4384 aiae
936 4308 1164 4407 magnitudo,
