2946 5010
447 397 500 448 oa
520 396 689 450 Narona
710 397 847 451 annm.
985 360 988 364 ⁴
1098 381 1171 461 273

126 555 249 631 locum
265 560 304 633 in
321 561 460 637 mundo
477 563 585 660 pleno
603 564 744 639 nullum
758 567 896 639 habens
915 590 988 662 quo
1014 590 1052 639 se
1080 568 1169 640 reci·

125 671 216 767 piat,
234 684 418 748 suctorem
435 700 561 750 rursus
582 677 630 751 ad
648 678 806 775 cylindri
829 680 1078 753 summitatem
1104 680 1169 753 im·

126 784 249 880 pellet,
266 799 419 884 propter
435 790 588 864 eandem
600 814 746 865 causam
759 816 841 889 quae
855 793 977 867 effecit
991 805 1033 866 ut
1047 804 1173 867 suctor

126 899 236 993 paulo
254 913 342 974 ante
356 901 542 998 impulerit
555 927 690 978 aerem.

178 1010 227 1085 B.
254 1013 459 1088 Verisimile
494 1028 560 1091 est.
631 1019 777 1091 Caetera
807 1019 1060 1114 experimenta
1093 1039 1172 1092 ma-

126 1124 258 1215 chinae,
277 1128 339 1223 qui
357 1129 528 1202 videntur
544 1131 592 1205 ad
605 1131 749 1204 easdem
764 1131 986 1227 hypotheses
1001 1142 1084 1205 tuas
1095 1155 1171 1205 non

127 1237 321 1313 difficulter
336 1240 462 1315 reduci
479 1267 595 1338 posse,
614 1244 822 1340 praeteribo.

175 1354 224 1428 A.
251 1357 389 1430 Fateris
406 1381 494 1454 ergo
511 1359 603 1431 nihil
617 1359 795 1433 hactenus
808 1382 830 1432 a
841 1356 990 1454 collegis
1000 1359 1074 1433 tuis
1084 1383 1172 1456 pro·

126 1478 264 1541 motam
292 1493 372 1543 esse
402 1471 592 1545 scientiam
619 1495 813 1545 causarum
841 1472 1078 1561 naturalium,
1098 1473 1169 1546 nisi

127 1581 225 1674 quod
242 1605 336 1656 unus
355 1606 481 1656 eorum
505 1584 712 1658 machinam
735 1584 1021 1679 inveneritque
1046 1597 1169 1659 motus

126 1694 280 1767 excitari
297 1696 389 1769 aeris
407 1698 521 1792 possit
549 1698 645 1787 talis,
663 1709 706 1770 ut
733 1709 857 1793 partes
882 1696 1037 1792 sphaerae
1060 1697 1169 1772 simul

125 1805 362 1904 undiquaque
379 1807 532 1883 tendant
550 1808 597 1883 ad
615 1822 796 1898 centrum,
815 1820 852 1882 et
875 1820 917 1882 ut
943 1809 1168 1906 hypotheses

126 1919 343 2010 Hobbianae,
368 1933 454 1994 ante
467 1920 617 2017 quidem
634 1921 722 1995 satis
738 1920 959 2018 probabiles
977 1921 1065 1994 hinc
1083 1920 1168 1994 red-

125 2030 261 2106 dantur
277 2033 553 2129 probabiliores,

174 2145 223 2219 B.
251 2146 330 2219 Nec
352 2146 460 2221 fateri
484 2146 623 2242 pudet;
649 2169 735 2219 nam
767 2157 822 2220 est
851 2145 990 2242 aliquid
1019 2145 1169 2242 prodire

124 2268 243 2348 tenuS,
262 2260 384 2332 sinon
403 2259 513 2333 datur
528 2259 636 2334 ultra.

174 2368 220 2444 A.
249 2372 349 2447 Quid
363 2377 503 2446 tenus?
556 2372 741 2447 Quorsum
754 2383 879 2445 autem
904 2381 1030 2445 tantus
1054 2396 1167 2467 appa·

124 2493 226 2556 ratus
244 2496 283 2557 et
300 2498 466 2581 sumptus
484 2483 736 2557 machinarum
758 2484 861 2557 factu
886 2483 1098 2565 difficilium,
1125 2495 1168 2557 ut

125 2606 275 2670 eatenus
294 2608 436 2670 tantum
454 2597 650 2694 prodiretis
668 2609 847 2694 qnantum
868 2609 954 2669 ante
978 2594 1167 2692 prodierat

126 2709 322 2782 Hobbius?
376 2711 451 2784 Cur
467 2734 544 2783 non
561 2709 647 2783 inde
665 2711 785 2806 potius
804 2709 1005 2806 incepistis,
1023 2709 1086 2782 ubi
1103 2709 1165 2782 ille

124 2821 255 2896 desiit?
307 2823 382 2896 Cur
398 2822 586 2920 principiis
603 2824 648 2896 ab
667 2848 710 2897 eo
727 2823 857 2920 positis
871 2846 947 2895 non
968 2822 1057 2895 estis
1080 2822 1166 2895 usi?

125 2936 289 3033 Cumque
306 2937 522 3010 Aristoteles
544 2949 644 3010 recte
675 2936 837 3025 dixisset,
865 2936 1040 3034 ignorato
1068 2944 1169 3008 motu

124 3047 297 3146 ignorari
312 3059 497 3138 naturum,
521 3050 704 3146 quomodo
722 3060 864 3123 tantum
892 3050 931 3121 in
956 3072 1022 3121 vos
1052 3048 1166 3121 susci-

124 3185 210 3256 pere
228 3185 320 3234 onus
338 3163 415 3235 ausi
439 3162 537 3250 estis,
554 3175 593 3235 et
618 3163 759 3259 erigere
785 3161 974 3234 hominum
1003 3160 1167 3233 doctissi-

123 3296 279 3364 mornm,
290 3299 365 3348 non
382 3274 492 3348 modo
504 3277 721 3349 nostratium
739 3275 926 3349 sedetiam
944 3285 1166 3361 exterorum,

125 3389 418 3483 expectationem
431 3388 690 3484 promovendae
701 3389 874 3485 physicae,
888 3386 949 3483 qui
962 3385 1167 3458 doctrinam

124 3501 170 3574 de
197 3514 302 3575 motu
324 3501 565 3575 universalem
590 3512 628 3574 et
651 3503 835 3575 abstracte
855 3499 971 3597 (quod
997 3498 1105 3572 facile
1129 3508 1168 3570 et

123 3614 423 3688 mathematicum
441 3616 536 3708 erat)
553 3613 716 3687 nondum
735 3613 937 3688 statuistis?
969 3611 1027 3685 Ad
1039 3633 1167 3684 causas

124 3739 246 3800 autem
263 3740 416 3826 propter
433 3752 523 3824 quas
540 3730 718 3824 proficere
733 3751 779 3800 ne
796 3727 986 3824 paululum
1017 3723 1167 3820 quidem

124 3840 305 3935 potuistis,
336 3866 406 3915 nec
432 3842 613 3937 poteritis,
641 3841 823 3915 accedunt
854 3840 964 3914 etiam
992 3838 1098 3909 aliae:
1125 3848 1168 3907 ut

125 3953 249 4027 odium
277 3955 427 4044 Hobbii,
456 3955 541 4050 quia
570 3955 722 4027 nimium
751 3953 865 4026 libere
899 3951 1095 4047 scripserat
1122 3947 1168 4020 de

124 4066 332 4140 Academiis
360 4068 573 4141 veritatem:
609 4066 708 4159 (nam
736 4089 782 4139 ex
811 4088 855 4137 eo
883 4077 1049 4159 tempore
1082 4061 1168 4133 irati

123 4179 264 4276 physici
292 4191 330 4252 et
356 4179 606 4253 mathematici
625 4178 817 4252 veritatem
835 4176 880 4248 ab
899 4199 942 4247 eo
960 4174 1167 4246 venientem

125 4315 200 4366 non
223 4302 435 4387 recepturos
463 4318 501 4366 se
529 4292 649 4389 palam
676 4290 829 4387 professi
858 4298 965 4363 sunt:
993 4293 1015 4325 “
1032 4285 1169 4362 doctri·

228 4428 395 4481 von.1v.
1043 4422 1067 4475 Τ
