2946 5010
403 411 715 463 uarnnmarrcm
736 401 1002 463 scuranum?
1138 391 1210 470 227

169 588 291 652 motus
322 579 370 652 ad
403 579 644 675 producenda
677 579 922 675 phaenomena
956 589 1098 651 naturae
1133 577 1210 650 fere
1244 600 1395 643 unrocus

170 693 293 764 omnia
311 693 360 766 sit
377 695 541 767 omnium
558 705 725 766 motuum
743 693 965 790 aptissimus,
984 693 1071 788 quia
1087 701 1210 765 tamen
1250 682 1393 788 „L

169 829 192 876 a
208 806 355 879 nemine
366 818 452 880 ante
471 807 572 879 illurn
587 807 862 881 animadversus
875 819 914 880 et
926 806 1129 902 explicatus
1143 816 1211 893 est,

169 917 325 992 lectores
354 921 463 1016 pauci
489 920 641 993 ductum
671 921 859 1008 oratiouiS,
890 943 964 1016 qua
998 931 1120 992 motus
1150 919 1212 992 ille

171 1030 391 1105 describitur
409 1045 447 1106 et
464 1044 711 1130 computatur,
725 1033 832 1105 facile
850 1033 953 1128 sequi
969 1043 1135 1128 possunt.

221 1146 269 1218 Α.
298 1146 338 1219 Si
363 1148 444 1241 quis
462 1171 574 1219 mauu
593 1158 719 1219 teneat
743 1170 878 1243 corpus
904 1145 1054 1242 aliquod
1081 1146 1210 1241 figurae

170 1261 431 1354 cujuscunque,
462 1271 552 1355 puta
582 1259 706 1355 pilam,
738 1283 758 1331 e
786 1282 859 1354 qua
886 1258 961 1353 pila
987 1259 1212 1354 promineret

171 1372 285 1467 stylus
304 1372 543 1466 scriptorius3
570 1394 618 1444 au
651 1371 796 1444 difficile
827 1383 885 1443 est
914 1371 1120 1467 imaginari,
1139 1394 1211 1466 quo

170 1484 280 1557 modo
299 1484 360 1556 ille
378 1508 421 1557 eo
440 1485 534 1580 stylo
552 1485 670 1580 possit
687 1484 830 1557 literam
849 1484 1008 1579 aliquam
1026 1483 1212 1580 alphabeti

171 1597 286 1671 ductu
299 1597 476 1670 continuo
495 1597 671 1671 exarare?

220 1711 270 1783 B.
297 1710 400 1784 Nihil
411 1711 565 1784 faciliua

220 1824 270 1897 Α.
298 1825 410 1899 Quod
427 1826 457 1897 si
475 1825 599 1920 plures
617 1824 725 1896 simul
755 1823 841 1919 styli
867 1822 1132 1919 prominerent,
1160 1822 1213 1894 ita

171 1950 212 2011 ut
229 1939 402 2012 tabellam
419 1938 578 2034 aliquam
596 1960 723 2011 omues
736 1935 844 2009 simul
855 1947 1070 2032 tangereut;
1090 1957 1213 2007 nonne

171 2053 269 2127 idem
287 2054 416 2127 eodem
434 2066 600 2148 tempore
617 2052 742 2124 literas
755 2052 878 2146 plures
892 2073 1042 2122 exarare
1055 2047 1212 2144 poterit?

224 2167 272 2240 B.
299 2167 414 2256 Mille,
451 2167 482 2238 si
510 2165 601 2254 vult,
633 2176 671 2237 et
697 2174 753 2237 tot
784 2164 859 2237 sint
888 2163 985 2259 styli.
1038 2161 1112 2235 Sed
1141 2161 1213 2235 illae

171 2292 281 2353 erunt
298 2303 425 2352 omnes
444 2280 541 2351 iuter
559 2301 598 2350 se
612 2276 748 2350 similes
766 2286 803 2349 et
820 2276 991 2372 aequales

221 2390 268 2464 A.
297 2390 340 2463 ld
359 2390 506 2486 quidem
524 2390 756 2463 manifestum
776 2400 844 2462 est.
872 2388 945 2462 Sed
975 2387 1056 2484 quis
1073 2387 1214 2460 interea

172 2516 293 2577 motus
307 2515 344 2576 et
358 2504 476 2600 qualis
495 2503 638 2576 dicetur
655 2503 768 2575 totius
785 2501 895 2599 piloe?

221 2618 272 2690 B.
300 2617 481 2705 Profecto,
517 2640 626 2713 quem
666 2627 808 2689 motum
841 2616 953 2688 habet
986 2614 1094 2688 unius
1128 2612 1215 2710 styli

173 2732 369 2827 cujuslibet
386 2730 518 2826 cuspiS,
538 2729 695 2802 eundem
713 2728 863 2801 habebit
881 2728 1002 2824 cuspis
1020 2727 1105 2822 styli
1122 2728 1214 2800 alte-

172 2845 248 2916 rius
267 2845 539 2938 cujuscunque3
566 2845 640 2914 imo
658 2865 746 2914 vero
764 2853 942 2937 punctum
955 2864 1070 2913 unum
1098 2839 1215 2936 quod-

172 2957 262 3029 libet
280 2969 358 3028 tum
376 2956 460 3050 pilae
479 2969 558 3027 tum
575 2979 716 3028 manus.

224 3068 273 3141 A.
301 3068 427 3140 Motus
451 3069 528 3162 jam
545 3068 630 3162 pilae
648 3069 726 3163 ipse
745 3077 813 3153 est,
832 3091 939 3163 quern
967 3067 1128 3163 appellat
1154 3068 1215 3140 ille

174 3190 305 3253 motam
327 3180 552 3253 circularem
578 3181 798 3278 simplicem,
824 3205 899 3254 nou
926 3181 1037 3253 modo
1068 3180 1214 3278 quaudo

172 3295 257 3391 pilae
270 3308 408 3390 puncta
426 3293 640 3367 describunt
657 3293 824 3383 circulos,
843 3294 906 3366 sed
931 3295 1044 3366 etiam
1067 3293 1215 3389 quando

174 3408 354 3502 quaslibet
368 3406 457 3479 alias
472 3406 686 3480 describunt
698 3407 846 3501 figuras,
865 3407 974 3479 modo
992 3418 1130 3502 puncta
1153 3406 1216 3479 illa

174 3533 278 3592 motu
295 3543 361 3592 suo
379 3519 427 3592 ad
443 3520 527 3592 loca
544 3519 697 3592 redeant
711 3511 810 3593 uude
827 3520 966 3592 moveri
985 3522 1215 3615 inceperunt.

175 3631 290 3728 Cujus
307 3644 429 3704 motus
453 3632 658 3728 proprietas
674 3654 749 3703 una
766 3642 832 3718 est,
849 3645 892 3704 ut
919 3633 1091 3727 quaelibet
1120 3632 1217 3705 linea

174 3744 212 3816 in
225 3745 301 3840 pila
315 3756 459 3841 sumpta
471 3745 611 3818 feratur
624 3744 693 3817 sibi
706 3768 850 3840 semper
860 3746 1045 3841 parallelo.
1074 3745 1217 3818 Notan-

175 3856 262 3930 dum
281 3871 337 3932 est
356 3861 467 3931 etiam
486 3859 570 3947 hoc,
585 3858 686 3954 quod
702 3870 843 3932 naturae
861 3883 935 3931 non
953 3871 1135 3956 repugnat
1152 3858 1217 3932 tali

175 3983 291 4060 motu,
310 3995 530 4067 quamquam
549 3971 789 4060 velocissimo,
811 3970 966 4044 describi
993 3996 1099 4067 posse
1125 3974 1216 4067 figu-

175 4107 254 4155 ram
289 4084 402 4156 etiam
430 4085 723 4157 minutissimam.
791 4084 902 4157 Hunc
926 4098 1068 4157 motum
1095 4085 1217 4158 telluri

177 4194 326 4290 quidem
343 4197 411 4270 toti
432 4197 602 4270 attribuit
620 4197 867 4293 Copernicus;
896 4199 1065 4272 Hobbius
1093 4212 1217 4272 autem

1064 4326 1123 4383 oa
