2946 5010
452 432 732 487 rnoanuuara
753 432 946 486 parares.
1143 419 1215 486 355

175 603 306 699 ipsum,
325 602 389 698 qui
407 601 602 700 dissipatus
616 603 654 675 in
668 614 793 698 partes
806 600 1080 689 minutissimas,
1092 600 1216 676 viden·
1255 630 1323 672 cn».
1340 632 1393 671 vn.

175 727 249 804 tur,
266 727 420 812 propter
445 715 690 813 splendorem,
715 715 892 811 majorem
922 714 1055 788 molem
1082 714 1217 789 habere
1230 700 1400 816 1)ᾗῇμῖ

175 851 286 924 quam
303 852 429 902 revera
447 830 594 903 habeut.
628 828 678 902 Et
694 828 743 901 ad
761 851 969 902 mensuram
986 851 1059 925 qua
1075 851 1219 924 semper
1229 823 1373 882 ¹³⁰¹¹‘¹⁴⁰'¹¹⁸‘¹=
1389 829 1430 868 ²¹⁰·

174 941 291 1037 magis
322 941 556 1038 dissipantur,
583 942 666 1037 plus
695 940 789 1014 aeris
815 964 882 1037 per
904 941 1065 1037 pulveris
1092 957 1217 1037 partes

175 1052 368 1151 dissipatas
385 1054 670 1151 subingreditur.
723 1055 843 1127 Etiam
854 1079 927 1152 >per
943 1054 1109 1127 foramen
1127 1053 1218 1127 illud

175 1167 348 1262 exiguum
379 1167 478 1241 unde
506 1167 624 1265 pulvis
651 1167 876 1257 accenditur,
904 1167 1112 1264 ingreditur
1141 1190 1215 1240 aer.

176 1280 251 1356 Qui
269 1279 342 1353 duo
358 1292 481 1355 motus
506 1305 590 1355 oum
614 1280 751 1354 sintin
777 1304 861 1354 aere
889 1280 1077 1368 contrarii,
1096 1290 1216 1353 motus

174 1416 220 1465 ex
237 1392 308 1466 illis
327 1394 551 1491 compositus
568 1394 689 1467 minor
706 1394 778 1467 erit
794 1417 904 1490 quam
927 1404 970 1466 ut
992 1404 1217 1467 tormentum

173 1505 316 1601 possint
333 1507 520 1604 repellere.

226 1617 274 1692 Α.
301 1620 436 1693 Audivi
449 1633 654 1694 asserentes
668 1620 882 1717 sclopetum‚
894 1620 1010 1716 magis
1023 1619 1083 1692 vel
1096 1619 1216 1694 minus

170 1729 272 1824 justo
291 1744 493 1822 oneratum,
507 1732 620 1829 pilam
638 1755 782 1829 semper
797 1731 852 1804 ita
864 1731 996 1826 ejicere
1011 1742 1051 1803 ut
1069 1730 1215 1827 signum

174 1864 359 1939 nunquam
378 1844 497 1935 feriat,
516 1845 582 1919 sed
594 1869 737 1942 semper
750 1869 773 1918 a
785 1844 881 1941 signi
897 1843 1011 1917 latere
1022 1843 1213 1917 aberrare:

174 1954 240 2027 sed
270 1970 463 2031 oneratum
494 1970 596 2032 certa
622 1957 780 2054 quadam
807 1956 968 2052 pulveris
996 1956 1213 2051 quantitate,

173 2091 359 2165 nunquam
377 2093 512 2144 errare.

223 2182 273 2255 B.
301 2183 495 2258 Quomodo
523 2183 561 2256 id
589 2182 641 2256 ita
668 2205 746 2256 esse
777 2184 904 2279 possit,
932 2207 1006 2257 uon
1036 2182 1212 2279 intelligo.

175 2294 333 2369 Quando
360 2297 458 2369 enim
486 2320 567 2393 quae
594 2296 633 2368 in
661 2319 773 2370 causa
799 2308 885 2368 sunt
912 2295 1036 2368 omnia
1061 2295 1216 2393 aequalia

172 2420 269 2496 sunt,
287 2410 439 2482 effectus
462 2409 659 2506 inaequales
676 2432 755 2482 esse
777 2432 853 2481 non
876 2419 1043 2505 possunt.
1097 2409 1214 2482 Simul

170 2529 281 2615 atque
298 2520 417 2616 pulvis
439 2521 607 2618 ignescit,
626 2532 665 2594 et
688 2531 884 2615 antequam
908 2519 983 2617 pila
1008 2521 1127 2616 ejecta
1153 2520 1212 2608 sit,

170 2632 354 2730 sclopetus
372 2657 560 2707 recurrere
577 2633 717 2729 incipit.
770 2631 890 2706 Causa
906 2656 995 2729 ergo
1009 2655 1088 2706 esse
1102 2632 1214 2707 debet

170 2745 208 2819 in
226 2771 338 2820 manu
362 2747 459 2821 illius
476 2748 539 2845 qui
563 2746 768 2843 sclopetum
792 2758 906 2834 tenet,
924 2745 981 2819 vel
1002 2745 1049 2839 (si
1069 2747 1117 2819 sit
1135 2757 1212 2820 tor-

169 2873 332 2935 mentum
350 2862 537 2955 bellicum)
558 2861 597 2933 in
620 2874 720 2934 terra
743 2859 802 2932 cui
826 2859 964 2933 insistit
986 2872 1137 2957 propter
1158 2859 1212 2934 in·

168 2971 405 3048 clinationem
428 2975 487 3047 vel
510 2974 732 3048 scabritiem.
785 2972 942 3045 Causam
965 2974 1075 3046 aliam
1102 2973 1210 3068 hujus

167 3100 320 3160 eventus
340 3088 532 3183 imaginari
550 3111 625 3160 non
642 3109 805 3183 possum.

216 3199 265 3270 A.
295 3199 402 3272 Unde
420 3200 536 3272 oritur
552 3197 750 3272 refractio?

217 3310 267 3382 B.
296 3310 456 3386 Quando
474 3311 571 3385 actio
588 3311 631 3383 fit
648 3311 687 3383 in
704 3321 807 3383 recta
823 3308 870 3382 ad
888 3309 1118 3404 superficiem
1132 3331 1209 3382 cor·

165 3423 265 3518 poris
287 3425 406 3519 pressi
429 3423 488 3496 vel
513 3423 676 3520 percussi
707 3420 1015 3518 perpendiculari,
1038 3419 1210 3493 refractio

165 3535 314 3607 omnino
327 3535 428 3608 nulla
440 3536 520 3608 erit.
547 3534 816 3631 Propagabitur
833 3533 932 3606 enim
950 3533 1046 3606 actio
1064 3532 1211 3606 inlinea

163 3648 469 3743 perpendiculari.
481 3648 619 3721 Verum
630 3648 662 3721 si
671 3646 877 3744 pressiovel
887 3646 1076 3743 percussio
1087 3645 1134 3719 sit
1145 3646 1210 3718 ob-

162 3758 273 3854 liqna,
285 3759 507 3856 refringetur
519 3762 618 3834 actio
631 3761 670 3833 in
688 3783 769 3832 eam
785 3770 931 3856 partem
944 3782 1054 3855 quam
1072 3770 1208 3832 natura

164 3874 339 3970 corporis
357 3898 423 3970 per
441 3873 540 3969 quod
563 3874 659 3948 actio
677 3884 914 3970 propagatur,
933 3870 1206 3945 determinabit.

212 3998 261 4073 A.
289 3999 484 4074 Quomodo
503 3998 717 4095 refringitur
734 3996 885 4071 lumen?

213 4110 258 4182 B.
286 4112 325 4185 Si
343 4113 439 4185 actio
456 4113 634 4208 procedat
654 4135 720 4208 per
746 4135 879 4208 corpus
898 4110 997 4206 quod
1018 4110 1150 4196 minus,
1168 4109 1207 4182 iu

161 4248 294 4321 corpus
312 4224 410 4320 quod
428 4225 544 4320 magis
561 4225 711 4314 resistit,
731 4224 835 4298 etad
855 4234 1035 4320 punctum
1058 4223 1206 4318 superfi-

161 4338 229 4411 ciei
247 4338 285 4411 in
298 4362 407 4433 quam
425 4338 557 4412 incidit
574 4350 712 4414 rectam
726 4338 838 4411 ducas
852 4336 1207 4434 perpendicularem,

1007 4473 1071 4524 aa
1094 4477 1109 4520 a
