2946 5010
346 428 659 482 Murnnmamcm
679 429 923 483 RODIERNAE.
1090 415 1159 482 119

173 594 223 670 A.
250 596 435 670 Quamdiu
449 610 516 686 est,
534 595 633 693 quod
649 608 794 692 tempus
810 596 858 670 sit
881 596 920 669 in
937 596 999 671 illo
1026 596 1159 693 praedi-
1195 623 1345 664 unrocus

123 719 302 797 ramento,
320 721 359 782 et
376 734 398 782 a
415 733 488 804 quo
507 710 558 783 ibi
575 709 823 783 collocatum?
1199 704 1341 809 ᾧ

170 820 220 894 Β.
247 821 411 895 Positum
427 822 480 895 ibi
497 834 554 895 est
570 823 617 895 ab
635 821 846 898 Aristotele.

170 935 218 1008 A.
247 935 286 1008 Si
312 958 387 1008 non
403 935 595 1031 posuisset,
618 960 694 1009 non
711 936 763 1010 ibi
781 947 888 1010 esset.
942 934 1044 1008 Nihil
1071 958 1159 1032 ergo

122 1049 213 1144 agis,
230 1047 301 1120 nisi
317 1047 489 1121 ostendas
506 1072 620 1145 quare
638 1048 691 1122 sic
708 1049 929 1122 collocatum
946 1071 1024 1120 esse
1051 1072 1160 1143 opor-

122 1162 205 1235 tuit.
267 1159 423 1233 Tantum
455 1161 602 1257 quidem
636 1162 770 1236 dicitnr
804 1185 883 1236 esse
916 1172 993 1235 tam
1026 1186 1161 1260 corpus

122 1273 298 1347 naturale
314 1298 425 1371 quam
441 1285 604 1374 temptam
625 1289 798 1349 nentrum
810 1288 934 1350 antem
952 1274 1025 1349 dici
1037 1287 1162 1370 potest

123 1387 306 1460 abstracte
324 1388 524 1484 quantitas.
576 1389 704 1463 Omnis
722 1390 820 1462 enim
837 1389 1034 1485 quantitas,
1049 1387 1081 1461 si
1103 1412 1160 1460 ac·

123 1511 250 1573 curate
266 1499 490 1596 loquendum
506 1511 573 1591 est,
584 1512 649 1575 aut
666 1501 859 1600 longitudo
870 1514 938 1588 est,
951 1513 1016 1575 aut
1031 1525 1160 1599 super-

111 1613 237 1709 ficies,
263 1624 328 1686 ant
353 1613 524 1703 solidum,
553 1615 629 1688 sive
658 1627 701 1688 ut
724 1614 873 1710 quidam
901 1616 1004 1711 loqui
1030 1613 1160 1702 solent,

123 1749 257 1822 corpus
274 1725 583 1800 mathematicum.
640 1727 798 1825 Tempus
814 1738 949 1812 autem,
968 1739 1007 1800 et
1031 1736 1159 1816 motus,

123 1851 161 1913 et
176 1839 246 1929 oia,
260 1849 476 1935 caeteraeque
493 1862 552 1912 res
569 1839 615 1912 de
633 1840 765 1936 quibus
782 1841 895 1935 quaeri
908 1850 1031 1936 potest
1044 1863 1160 1936 quan-

124 1963 172 2026 tae
201 1962 300 2042 sunt,
314 1952 540 2049 quantitates
569 1953 720 2041 habent,
738 1954 870 2049 quibus
898 1965 1046 2050 quantae
1073 1965 1161 2025 sunt

123 2065 401 2155 determinatur,
425 2067 565 2162 aliquas
582 2066 641 2140 vel
670 2067 828 2163 aliquam
860 2091 905 2140 ex
931 2066 1003 2140 illis
1029 2066 1160 2156 tribus,

123 2178 296 2252 nimirum
314 2178 394 2252 illas
406 2178 504 2274 ipsas
522 2179 654 2275 quibus
672 2192 942 2253 mensurantur.
973 2179 1162 2275 Temporis

120 2296 198 2390 jam
215 2316 387 2367 mensura
404 2318 572 2390 quaenam
590 2293 664 2367 esti

174 2407 224 2480 B.
250 2407 389 2480 Motus.

173 2520 223 2592 A.
250 2519 345 2593 Soio.
374 2518 447 2592 Sed
456 2520 570 2615 ipsius
581 2531 702 2594 motus
715 2544 882 2615 quaenam
896 2532 954 2593 est
966 2521 1161 2594 mensura?

173 2632 223 2706 B.
249 2631 373 2705 Linea.
425 2633 522 2706 Nam
539 2656 606 2728 per
622 2632 737 2706 lineas
754 2634 925 2706 metimur
941 2643 1074 2722 motus,
1091 2634 1162 2707 sal·

123 2756 200 2820 tem
217 2744 339 2818 metiri
355 2767 563 2840 possumus,
582 2758 621 2819 et
637 2770 703 2842 per
720 2758 864 2820 motum
882 2759 1037 2843 tempus.

174 2859 224 2932 A.
252 2858 380 2931 Recte.
431 2858 480 2931 Et
496 2857 596 2954 quod
612 2882 820 2932 mensuram
839 2859 1002 2946 metitur,
1013 2858 1164 2933 metitur

126 2972 236 3046 etiam
252 2981 516 3044 mensuratum.
567 2971 635 3044 Est
652 2995 740 3068 ergo
757 2972 855 3045 linea
883 2995 1054 3046 mensura
1071 2983 1163 3046 tem·

126 3086 248 3181 poris:
275 3094 399 3180 potest
428 3096 553 3157 antem
577 3085 752 3180 temporis
769 3109 940 3159 mensura
957 3084 1163 3181 comparari

126 3223 210 3272 cnm
226 3197 336 3283 linea,
353 3197 425 3271 hoc
444 3210 512 3287 est,
530 3197 628 3270 linea
646 3222 729 3271 cum
746 3198 854 3272 linea.

175 3309 223 3385 B.
251 3311 343 3400 lmo,
366 3333 514 3384 necesse
533 3321 590 3384 est
606 3320 649 3383 nt
665 3322 909 3408 comparetur,
928 3311 1014 3407 qnia
1029 3311 1166 3406 alioqui

127 3448 201 3499 non
216 3437 314 3499 esset
323 3448 506 3498 mensura.
523 3423 639 3496 Video
647 3425 736 3520 jam,
748 3447 958 3520 quanquam
968 3422 1166 3497 absurdum

127 3537 177 3609 sit
192 3537 327 3610 lineam
346 3536 468 3610 dicere
484 3536 642 3631 tempori
659 3537 836 3632 aequalem
853 3560 943 3625 esse,
956 3559 1031 3609 non
1041 3545 1165 3608 tamen

127 3649 284 3722 absurde
303 3648 376 3722 dici
390 3648 633 3744 quantitatem
650 3648 756 3723 lineae
773 3649 950 3745 aequalem
964 3673 1042 3723 esse
1072 3659 1165 3721 tem-

126 3763 227 3858 poris
245 3762 456 3858 quantitati.
507 3762 699 3836 Assentior
713 3787 801 3858 ergo
820 3762 899 3851 tibi,
918 3761 1032 3857 quaeri
1058 3785 1165 3857 posse

127 3875 309 3949 rationem
322 3873 537 3972 quantitatis
551 3875 725 3970 temporis
736 3874 784 3947 ad
794 3875 1037 3970 quantitatem
1047 3874 1165 3964 lineae,

127 3989 196 4062 etsi
213 4012 290 4061 non
303 3986 352 4060 ad
367 3988 488 4083 ipsum
505 3998 662 4082 tempus,
679 4000 722 4060 ut
738 4010 857 4082 neque
884 3987 992 4060 ullius
1020 3987 1166 4083 quanti-

127 4102 214 4175 tatis
242 4100 289 4174 ad
320 4123 454 4196 corpus
483 4098 661 4172 naturale.
713 4098 829 4172 Pudet
859 4123 947 4195 ergo
977 4100 1061 4189 mei,
1087 4111 1167 4172 tum

127 4215 239 4288 etiam
249 4213 418 4302 Wallisii,
426 4213 486 4285 cni
499 4213 536 4286 in
548 4214 618 4286 hac
630 4236 670 4284 re
681 4226 719 4286 et
728 4212 911 4285 nonnullis
924 4212 1004 4285 aliis
1014 4212 1167 4285 nimium

128 4339 266 4401 temere
301 4325 532 4400 crediderim.
585 4324 658 4398 Sed
689 4325 877 4399 nonsatis
907 4325 1071 4421 intelligo
1102 4349 1167 4398 eur
