2946 5010
281 410 354 477 252
599 425 653 476 ou
673 424 846 479 narona
867 425 1004 479 annrs.

282 590 404 664 vando
429 592 559 665 utitur.
613 592 686 665 Sed
714 592 760 666 de
787 618 903 667 vacuo
931 594 1098 668 dicturus
1124 603 1162 667 et
1190 605 1328 667 natura

281 703 390 792 aeris,
407 703 517 776 aliam
534 705 686 777 assumit
706 706 952 802 hypothesim,
971 707 1078 797 hanc,
1096 705 1197 804 quod
1224 717 1328 780 terra

279 828 423 888 motum
441 817 510 889 sibi
538 818 727 914 proprium
757 819 882 904 habet,
900 819 947 892 ab
978 819 1058 916 ipsa
1083 832 1217 893 natura
1246 819 1326 892 sive

280 929 468 1002 creatione
491 943 696 1026 acceptum,
715 931 827 1004 etiam
856 929 1080 1005 circularem
1106 931 1324 1030 simplicem.

278 1041 326 1114 Et
343 1066 409 1138 per
420 1043 706 1138 suppositionem
721 1044 817 1117 hono
835 1045 952 1118 multa
965 1044 1010 1117 de
1036 1044 1154 1118 causis
1172 1057 1324 1119 natura·

279 1153 374 1228 libus
391 1156 584 1252 perspicue
598 1155 853 1241 demonstrat3
879 1182 960 1231 eam
977 1169 1102 1231 autem
1121 1158 1237 1254 qualis
1260 1159 1324 1246 sit,
1355 1150 1364 1164 ⁸

280 1269 333 1342 sio
350 1269 546 1367 intelliges
575 1272 685 1344 Sumo
704 1272 772 1345 tibi
789 1272 826 1344 in
844 1295 976 1345 manus
994 1272 1150 1368 pelvem,
1165 1271 1202 1343 in
1217 1273 1325 1368 eujus

277 1382 392 1457 fundo
411 1385 458 1458 sit
484 1384 752 1481 aliquantulum
781 1409 909 1482 aquae:
940 1385 1324 1481 quantulumcunque,

278 1496 389 1569 modo
424 1498 578 1571 visibile.
636 1498 769 1572 Nonne
798 1511 905 1595 potes
935 1511 976 1572 tu
1006 1497 1177 1594 aquulam
1207 1498 1324 1589 illam,

277 1610 420 1705 pelvem
446 1612 640 1700 movendo,
664 1613 718 1685 ita
747 1637 906 1698 movere,
935 1624 978 1686 ut
1012 1612 1151 1684 circum
1182 1624 1323 1702 currat,

279 1723 425 1797 elevans
443 1748 493 1813 se,
513 1725 611 1798 circa
621 1724 736 1821 pelvis
749 1725 978 1822 superficiem
996 1725 1220 1798 concavam?

327 1835 375 1912 B.
402 1840 566 1927 Possum,
586 1849 623 1911 et
640 1837 822 1910 facillime.
876 1838 911 1911 N
914 1862 973 1911 am
998 1838 1142 1935 pelvem
1164 1850 1324 1934 utraque

278 1974 390 2024 manu
408 1975 661 2048 comprensam
679 1952 828 2047 agitabo
847 1951 1097 2036 circularitcr;
1116 1950 1182 2025 sed
1197 1951 1325 2024 uteir-

277 2063 379 2138 culos
406 2064 518 2139 saciat
536 2064 642 2138 valde
659 2088 803 2162 parvoS,
831 2088 878 2136 ne
902 2087 998 2160 aqua
1019 2064 1155 2137 exiliat.
1209 2063 1325 2139 Quod

278 2201 362 2250 cum
387 2177 533 2267 faciam,
548 2203 651 2274 aqua,
672 2202 754 2273 quae
772 2178 810 2249 in
837 2176 953 2250 fundo
978 2189 1069 2267 erat,
1100 2178 1178 2250 sine
1206 2175 1322 2251 dubio

277 2303 441 2388 exurget,
466 2303 504 2364 ot
531 2315 596 2388 per
624 2291 851 2388 superficiem
882 2291 998 2388 pelvis
1026 2314 1226 2364 concavam
1247 2291 1320 2363 oir-

276 2405 463 2477 cumfluet.

326 2514 373 2591 A.
402 2517 475 2589 Sed
493 2528 614 2589 motus
640 2516 736 2588 illius
760 2516 960 2605 circularia,
977 2515 1063 2613 quia
1079 2527 1263 2588 moturum
1281 2526 1323 2590 te

277 2628 368 2702 dicis
397 2630 540 2725 pelvem
567 2645 722 2726 utraque
754 2655 864 2702 manu
894 2630 1133 2719 circulariter,
1160 2630 1323 2702 obierit

277 2744 472 2814 centrum?
1216 2822 1222 2829 ,

329 2854 377 2927 Β.
406 2854 608 2927 Centrum?
671 2855 947 2951 lnexpectatum
982 2856 1051 2927 hoc
1086 2854 1188 2928 dicis,
1246 2855 1321 2928 Re-

276 2968 439 3062 spondeo
457 2980 592 3057 tamen,
612 2981 739 3040 centra
756 2981 852 3058 sunt,
871 2994 944 3041 non
963 2994 1089 3053 unum,
1108 2968 1172 3041 sed
1189 2968 1319 3064 plura3

275 3093 330 3154 tot
349 3081 458 3154 credo
472 3094 561 3178 quot
579 3093 731 3176 possunt
749 3082 786 3153 in
799 3107 951 3178 corpore
966 3083 1079 3178 pelvis
1094 3082 1320 3156 considerari

274 3208 424 3291 puncta,
444 3208 481 3269 et
513 3195 629 3291 (quod
653 3197 832 3291 sequitur)
864 3198 1016 3270 totidem
1047 3197 1195 3284 circelli,
1219 3197 1318 3292 iique

273 3308 371 3382 iuter
389 3333 428 3382 se
446 3310 615 3405 aequales.

325 3423 373 3494 A.
402 3423 635 3519 Descripsisti
663 3448 750 3519 ergo
779 3436 921 3497 motum
948 3424 1062 3512 illum,
1082 3448 1191 3518 quern
1209 3437 1318 3498 vocat

275 3537 444 3609 Hobbius
462 3536 680 3608 circularem
698 3537 927 3634 simplicem
954 3537 1024 3610 nisi
1044 3537 1141 3631 quod
1159 3561 1224 3631 per
1241 3538 1319 3609 cir-

274 3651 437 3723 cularem
476 3650 648 3746 intelligit
683 3651 744 3724 ille
780 3661 920 3724 motum
956 3652 994 3722 in
1028 3674 1066 3722 se
1100 3650 1318 3724 redeuntem

274 3764 484 3860 quemlibet.

326 3876 373 3948 B.
403 3876 463 3947 Sic
482 3874 646 3970 intelligo
661 3898 805 3970 quoqne
824 3899 904 3970 ego,
942 3874 1044 3946 Nihil
1063 3885 1118 3945 est
1135 3888 1318 3970 conceptu

272 3987 426 4060 facilius.
480 3989 715 4084 Supponatur
746 4012 845 4083 ergo,
877 4000 920 4058 ut
943 3988 1062 4082 jubeS,
1094 3987 1204 4059 talem
1236 4013 1317 4062 esse

272 4101 413 4173 telluris
431 4112 572 4174 motum
596 4101 814 4173 circularem
842 4099 1055 4198 simplicem,
1074 4102 1240 4173 natnrae*
1259 4102 1316 4198 ip-

273 4215 347 4287 sius
365 4215 613 4310 congenitum.

648 4413 665 4446 ⁴*
689 4409 738 4470 Sic
753 4412 831 4469 Edit.
852 4413 937 4469 1668.
