2946 5010
397 438 713 491 numennumen
735 441 979 494 pomarum.
1136 423 1210 497 213

169 618 209 677 et
225 629 339 677 unum
353 606 544 703 quodlibet
558 630 685 685 eorum
699 607 838 703 aequale
857 618 997 703 quartae
1012 609 1108 704 parti
1126 612 1210 683 coni
1246 646 1398 687 unrocus

169 718 332 815 ejusdem
351 720 554 793 altitudinis
571 733 609 792 et
627 719 722 792 basis
740 743 822 792 oum
842 719 1007 817 cylindro
1025 721 1209 820 descripto
1250 727 1394 831 L

169 833 418 928 arectangulo
437 832 520 905 DG.
572 833 640 904 Est
657 832 755 905 enim
773 856 900 921 conus,
917 833 1035 923 idest,
1053 834 1210 908 solidum

167 944 393 1041 descriptum
421 969 443 1017 a
470 945 655 1041 triangulo
682 945 871 1018 rectilineo
898 945 1004 1019 DGF
1032 969 1210 1022 converso

167 1083 277 1155 super
294 1072 436 1132 rectum
454 1059 534 1148 DF,
558 1059 669 1131 tertia
691 1082 775 1154 pars
799 1059 955 1155 cylindri
985 1059 1161 1157 descripti
1188 1084 1212 1134 a

167 1173 386 1245 revolutioni
398 1171 601 1268 rectanguli
616 1171 687 1244 DG
698 1195 807 1268 super
818 1172 973 1246 eandem
983 1186 1124 1246 rectam
1134 1172 1209 1246 DF.

220 1285 386 1357 Consect.
405 1285 441 1356 ii.
468 1284 708 1357 Manifestum
721 1285 809 1357 hinc
823 1298 880 1359 est
893 1286 1021 1359 eadem
1033 1285 1209 1359 methodo

166 1397 409 1470 demonstrari
442 1420 560 1493 posse,
594 1409 741 1493 sumpta
771 1399 898 1494 quavis
934 1398 1007 1471 alia
1035 1397 1210 1495 parallelo

165 1511 381 1599 altitudinis
399 1523 441 1583 ut
459 1512 491 1583 A
488 1509 532 1606 J,
559 1512 756 1584 terminata
777 1534 822 1583 ex
845 1534 919 1583 una
935 1523 1040 1607 parte
1064 1512 1103 1584 in
1131 1511 1208 1585 dia-

165 1636 283 1697 metro
301 1624 385 1711 DB‚
404 1647 450 1696 ex
468 1623 584 1695 altera
596 1635 702 1718 parte
721 1623 759 1695 in
774 1623 950 1718 cycloide,
965 1637 1003 1696 et
1021 1623 1207 1721 ductafvr

163 1737 513 1834 perpendiculariter
536 1735 583 1809 ad
609 1735 690 1826 BG,
718 1736 817 1833 quod
843 1736 1001 1809 solidum
1020 1737 1159 1810 factum
1184 1763 1208 1812 a

164 1853 401 1925 conversione
423 1851 523 1947 plani
549 1849 759 1946 cycloidalis
779 1850 849 1922 Bm
845 1850 886 1947 f
890 1851 923 1922 A
946 1850 1045 1923 circa
1068 1863 1206 1924 rectam

164 1959 319 2061 Asper
343 1965 584 2060 quadrantem
615 1962 755 2052 circuli,
783 1963 923 2059 aequale
953 1986 1032 2036 esse
1063 1962 1206 2038 duabus

163 2080 283 2150 tertiis
314 2079 420 2150 solidi
450 2077 539 2150 facti
570 2075 701 2148 eodem
729 2087 894 2173 tempore
917 2101 940 2150 a
965 2077 1205 2151 conversione

162 2192 368 2287 reetanguli
387 2193 449 2264 Απ
468 2213 579 2285 supra
596 2189 751 2263 eandem
770 2189 801 2261 A
798 2189 842 2286 f.

496 2411 746 2465 Puot’oslrto
766 2412 873 2463 xv11.

213 2531 387 2602 Centrum
406 2528 597 2624 gravitatis
618 2528 837 2601 semicirculi
861 2527 1038 2624 genitoris
1057 2527 1203 2603 ABCD

162 2645 214 2717 ita
229 2644 358 2717 dividit
372 2642 515 2716 radium
529 2643 599 2715 AC
612 2643 651 2714 in
669 2643 713 2729 O,
732 2656 775 2715 ut
792 2666 877 2739 pars
890 2643 962 2716 AO
976 2642 1024 2716 sit
1040 2639 1080 2735 5¹,ss
1096 2667 1203 2717 arcus

161 2758 280 2832 BCD.

212 2871 251 2943 Si
277 2871 341 2942 fiat
370 2881 412 2940 ut
442 2870 553 2943 tertia
580 2892 666 2966 pars
696 2892 803 2942 arcus
830 2868 937 2942 BCD
970 2867 1017 2940 ad
1053 2868 1202 2941 tertiam

160 2996 301 3078 partem
337 2983 532 3071 subtensae‚
561 2982 694 3073 idest,
728 2983 898 3056 diametri
927 2982 1013 3071 BD,
1039 2983 1093 3054 ita
1118 2982 1201 3056 duae

160 3098 278 3169 tertiae
295 3096 389 3168 radii
407 3096 489 3182 ΑΒ,
512 3096 551 3170 id
581 3107 647 3184 est,
679 3119 753 3168 una
781 3097 893 3168 tertia
920 3095 1088 3168 diametri
1117 3097 1201 3185 BD,

159 3210 207 3282 ad
225 3220 404 3305 quartam,
422 3209 492 3281 erit
510 3209 687 3280 terminus
706 3207 802 3280 illius
825 3219 966 3303 quartae
984 3217 1138 3302 sumptae
1155 3210 1202 3282 ab

160 3325 192 3395 A
210 3346 336 3395 versus
355 3322 385 3394 C
403 3337 570 3394 centrum
600 3321 791 3416 gravitatis
819 3320 1038 3393 semicirculi
1055 3319 1201 3393 ABCD

162 3436 240 3528 (lib,
259 3437 283 3523 i,
304 3459 384 3530 cap.
401 3435 451 3523 ix,
470 3458 573 3530 prop.
592 3435 616 3521 i,
639 3431 796 3505 Guldim·
827 3433 873 3506 de
902 3432 1036 3506 Centro
1068 3433 1203 3505 Gravi-

160 3550 282 3642 tatis).
337 3549 393 3622 Sit
409 3549 587 3621 terminus
605 3546 664 3619 ille
683 3546 728 3619 Ο.

209 3663 276 3735 Est
289 3686 377 3757 ergo
390 3662 500 3734 tertia
517 3683 601 3757 pars
620 3657 790 3732 diametri
810 3659 879 3732 BD
901 3657 1023 3732 media
1045 3683 1201 3756 propor-

158 3776 304 3849 tionalis
322 3776 419 3848 inter
445 3774 592 3848 tertiam
614 3785 756 3870 partem
786 3795 893 3845 arcus
922 3772 1029 3846 BCD
1058 3784 1094 3846 et
1113 3775 1200 3848 AO.

160 3888 345 3963 Quoniam
359 3912 446 3984 ergo
461 3887 640 3960 diameter
656 3888 737 3982 (per
751 3886 919 3981 superius
932 3884 1198 3980 demonstrata)

158 4014 214 4075 est
231 4002 353 4074 media
369 4000 653 4097 proportionalis
672 4000 769 4072 inter
786 4021 914 4071 arcum
928 3998 1037 4072 BCD
1055 4011 1093 4072 et
1110 4000 1202 4075 duas

158 4116 304 4210 quintas
321 4138 427 4187 arcus
445 4112 621 4209 ejusdem,
647 4114 759 4185 etiam
786 4112 897 4185 tertia
922 4135 1007 4207 pars
1031 4111 1201 4187 diametri

158 4229 229 4300 erit
268 4226 390 4299 media
419 4223 703 4322 proportionalis
738 4225 835 4297 inter
876 4224 1024 4298 tertiam
1057 4239 1200 4321 partem

157 4366 264 4414 arcus
282 4340 389 4413 BCD
408 4351 446 4412 et
463 4338 611 4413 tertiam
629 4348 772 4434 partem
795 4336 950 4410 duarum
977 4337 1198 4432 quintarum,
