2956 5018
91 3456 265 3500 commic-

146 3539 204 3580 rto.

103 3607 246 3644 *nu

296 415 372 486 ³60
571 431 853 487 nonnum
871 433 1060 486 nausson.

297 880 685 957 eaonosrnoans
719 838 819 955 'xvr
863 882 929 954 un
976 883 1342 957 naoununmu

706 1032 924 1107 crucum.

357 1406 413 1459 ΑΙ)
443 1404 666 1459 norom
690 1404 997 1458 cretomanus
1022 1407 1272 1461 STUMOSUM

629 1530 996 1584 suranorum.

294 1657 359 1734 Nn
394 1659 630 1735 multitudine
664 1660 843 1734 linearum
873 1661 912 1732 iu
947 1660 1212 1757 diagrammate
1235 1688 1258 1738 a
1282 1665 1337 1738 le-

292 1770 416 1871 gendo
439 1771 659 1863 deterrente,
676 1772 881 1847 mouendus
903 1798 954 1863 es,
972 1775 1154 1848 rationem
1176 1776 1337 1850 circum-

292 1883 461 1960 ferentiae
484 1887 612 1961 circuli
639 1887 687 1961 ad
711 1887 930 1961 diametrum
947 1887 1235 1963 demonstratam
1252 1914 1336 1964 esse

292 2022 317 2073 a
342 2001 615 2074 constructione
645 1999 775 2097 prima,
804 2011 996 2073 constante
1024 2025 1070 2074 ex
1105 2001 1211 2089 lineis
1243 2005 1349 2078 satis‘

291 2113 431 2210 paucis,
452 2126 490 2187 et
512 2112 619 2187 facile
643 2112 923 2208 distinguendis.
976 2114 1101 2187 Habes
1124 2139 1213 2211 ergo
1232 2119 1335 2212 quod

290 2227 475 2325 promittit
491 2227 633 2315 titulus,
650 2227 689 2300 iu
708 2225 849 2300 duabus
871 2226 997 2322 primis
1018 2228 1333 2323 propositionibus

290 2339 399 2440 plene
415 2339 632 2437 praestitum.
685 2340 724 2413 Si
737 2351 862 2412 tamen
874 2339 1164 2434 propositionum
1178 2353 1334 2416 caeteru-

290 2477 373 2528 rum
390 2453 639 2551 pulchritudo,
654 2466 696 2527 ut
712 2452 856 2526 illarum
874 2452 985 2524 etiam
1000 2452 1333 2529 demonstrationes

290 2565 414 2663 legere
431 2578 468 2640 et
485 2568 694 2641 examinare
712 2566 814 2654 velis,
836 2565 999 2652 suadeat,
1018 2591 1040 2637 a
1057 2565 1162 2638 lineis
1180 2567 1333 2664 reliquis

291 2679 471 2753 minorem
497 2681 647 2753 habebis
673 2679 901 2752 molestiam:
928 2691 966 2751 et
983 2692 1121 2774 quanto
1145 2680 1228 2776 plns
1245 2707 1331 2778 pro-

291 2791 481 2887 gredieris,
495 2805 600 2866 tanto
617 2817 760 2888 semper
774 2793 868 2865 viam
882 2793 1046 2865 invenies
1059 2794 1330 2888 procliviorem.

715 3041 909 3050 .-——-—-.

637 3267 926 3321 CONSTRUCTIO
946 3270 972 3319 1.

288 3420 587 3496 Dusonruarun
606 3423 825 3517 quadratum
841 3422 1000 3511 ΑΒΟΙ),
1020 3435 1057 3496 et
1081 3423 1265 3496 dividatur
1288 3426 1328 3499 iu

288 3545 446 3633 quatuor
458 3535 639 3631 quadrata
654 3536 809 3632 aequalia
826 3561 848 3609 a
865 3536 1004 3609 duabus
1018 3536 1127 3610 rectis
1144 3537 1221 3626 EF,
1236 3537 1326 3628 GH,

287 3669 326 3721 se
342 3661 471 3721 mutuo
490 3650 699 3723 secantibus
716 3650 755 3723 in
773 3651 813 3734 I;
841 3649 1092 3745 ducanturque
1114 3650 1326 3746 diagonales

286 3760 367 3849 AC,
387 3761 469 3834 BD.
522 3761 657 3837 Centro
675 3765 720 3853 A,
738 3764 842 3837 radio
860 3763 929 3836 AB
948 3763 1104 3837 ducatur
1116 3788 1223 3837 arcus
1236 3790 1326 3861 qua-

286 3873 426 3948 drantis
445 3875 528 3963 BD,
546 3899 674 3950 secans
691 3889 830 3951 rectum
848 3878 913 3950 EF
930 3877 969 3950 in
983 3876 1030 3967 K,
1041 3888 1079 3951 et
1096 3891 1235 3951 rectam
1248 3878 1323 3952 GH

284 3986 323 4060 iu
351 3988 385 4076 t,
413 4001 451 4061 et
482 3988 552 4062 AC
583 3989 621 4062 in
639 3990 691 4075 P;
719 3992 842 4087 itaque
873 4014 979 4064 arcus
1008 3990 1078 4064 BD
1106 4002 1226 4064 sectus
1254 3992 1325 4063 erit

285 4101 453 4176 bifariam
482 4101 521 4174 in
549 4102 589 4175 P.
658 4102 823 4177 Ducatur
851 4104 927 4177 DK
945 4128 1072 4178 secans
1104 4105 1176 4177 AC
1208 4106 1245 4177 iu
1277 4106 1323 4194 Ο,

284 4225 322 4288 et
338 4215 562 4313 producatur
580 4215 628 4288 ad
646 4216 714 4289 BC
733 4218 772 4291 in
794 4218 848 4291 M.
903 4219 946 4291 ln
974 4218 1154 4315 producta
1178 4218 1246 4292 BC
1263 4243 1323 4292 su-

282 4339 404 4403 matur
421 4328 483 4403 CL
498 4329 647 4425 aequalia
666 4330 751 4407 cM.
792 4333 886 4407 Item
903 4332 941 4406 iu
960 4333 1025 4406 DC
1045 4344 1211 4408 sumatur
1221 4345 1323 4407 reeta
