2956 5018
346 452 662 506 msrnnuurrcm
682 454 927 506 nonrnnnm.
1134 446 1157 510 3

164 617 214 690 Α.
244 618 340 692 Usus
353 633 408 693 est
421 645 510 717 ergo
523 622 1155 718 temporepraeseutepropraeterito
1192 650 1341 693 minoem

113 730 343 827 imperfecto.
1255 732 1275 771 ¹·

162 845 214 918 B.
242 845 312 919 Ita.

163 957 209 1031 A.
237 960 297 1031 An
316 972 354 1033 et
372 961 496 1057 saepe?

163 1069 214 1144 B.
240 1071 459 1168 Saepissime.

162 1181 209 1256 A.
236 1185 478 1260 Absolvamus
495 1209 584 1282 ergo
600 1186 881 1283 typographum.

1193 800 1335 835 ν-η-ν

162 1295 209 1368 Β.
236 1298 362 1371 Recte.
389 1299 526 1372 Verum
545 1322 614 1395 ego
627 1300 731 1373 illum
746 1323 820 1373 non
834 1298 980 1372 laudavi
995 1323 1018 1371 a
1033 1323 1152 1394 gram-

112 1410 260 1498 metica,
272 1434 495 1507 quamquam
507 1413 584 1509 ipse
596 1413 773 1486 aliusnon
786 1411 992 1508 intelligere
1005 1413 1152 1508 etloqui

112 1522 244 1595 Latine
261 1523 421 1598 dedecus
438 1548 517 1599 esse
534 1538 659 1599 censet
676 1525 897 1599 academico.

162 1634 209 1708 A.
235 1635 420 1708 Numeros
445 1639 558 1710 etiam
588 1639 796 1737 reperimus
824 1638 872 1712 ab
901 1638 998 1737 ipsis
1027 1638 1153 1711 mundi

107 1746 343 1842 primordiis,
360 1760 480 1847 prout
497 1752 536 1824 in
553 1761 705 1825 oetatum
717 1752 1031 1850 patriarcharum
1047 1761 1153 1824 cata-

110 1858 199 1957 logo
226 1859 354 1959 liquet,
374 1888 449 1960 per
474 1866 665 1954 monades,
688 1866 864 1954 decadas,
892 1865 1153 1963 centuriasque

111 1982 203 2069 apte
230 1973 443 2073 dispositos,
465 1977 651 2076 gradibus
674 1978 829 2066 scilicet,
859 2003 904 2050 ne
933 1977 1152 2052 inordinata

109 2109 342 2160 numerorum
367 2089 600 2164 multitudine
624 2101 661 2164 et
683 2100 784 2182 ἀταξίᾳ
807 2089 953 2163 laboret
976 2088 1153 2176 canorus,

110 2198 170 2270 vel
190 2199 338 2296 quidem
359 2202 482 2275 nullus
504 2203 645 2275 omniuo
664 2202 892 2278 sit—Quod
908 2203 1041 2274 iterum
1061 2214 1152 2276 tem-

110 2336 200 2408 pore
225 2327 407 2409 praesente
430 2328 558 2390 utatur
581 2340 649 2413 pro
666 2315 895 2412 imperfecto,
918 2317 1092 2411 quoniam
1112 2329 1152 2389 tu

109 2426 164 2499 ita
179 2426 247 2512 vis,
264 2441 457 2524 praetereo.
509 2430 594 2503 Hoc
610 2440 755 2503 tuntum
778 2453 800 2502 a
818 2442 855 2502 te
872 2453 1009 2524 quaero,
1028 2440 1150 2502 utrum

110 2540 157 2612 ab
175 2562 232 2625 eo,
258 2541 359 2637 quod
383 2554 512 2616 aetates
537 2542 831 2640 patriarcharum
854 2565 970 2638 usque
993 2542 1041 2615 ad
1060 2542 1152 2615 dilu-

108 2652 210 2725 vium
227 2677 295 2749 per
312 2656 509 2745 centurias,
530 2656 701 2745 denudas,
719 2655 896 2729 monadas
912 2666 1151 2728 numerentur

112 2766 220 2858 (Gen.
239 2791 319 2863 cap.
336 2770 390 2862 5),
411 2768 539 2843 inferri
556 2770 671 2866 possit
688 2793 923 2843 numerorum
941 2769 1091 2842 nomina
1107 2792 1151 2841 eo

109 2889 276 2975 tempore
293 2881 346 2954 ita
364 2881 531 2955 ordinatu
549 2883 671 2955 fuisse.
1148 2951 1150 2954 Α

158 2990 205 3066 B.
234 2993 423 3089 Siquidem
443 3005 553 3090 eaput
570 2995 661 3068 illud
679 2994 849 3090 quintum
870 3005 956 3067 aute
973 2994 1151 3068 diluvium

109 3106 288 3202 seriptum
306 3107 449 3197 fuisset,
472 3107 588 3181 illatio
611 3108 674 3180 illu
697 3119 792 3180 esset
812 3108 919 3181 bonu.
973 3108 1046 3181 Sed
1063 3132 1151 3203 quo·

108 3217 207 3291 niam
225 3219 283 3292 vel
300 3244 324 3292 a
340 3220 457 3306 Mose,
472 3221 530 3293 vel
543 3220 655 3316 longo
668 3232 754 3316 post
766 3220 910 3292 Mosem
924 3231 1090 3315 tempore
1104 3220 1151 3293 ab

107 3330 225 3404 Esdra
242 3333 422 3429 scriptum
439 3356 520 3406 esse
543 3357 670 3407 omues
688 3333 937 3422 consentiunt,
957 3332 1150 3407 fatendum

109 3457 165 3518 est
180 3447 317 3521 bonam
336 3471 410 3520 non
428 3470 519 3519 esse.

155 3559 205 3634 Α.
233 3558 493 3632 Desideramus
520 3581 609 3654 ergo
632 3559 672 3632 in
690 3558 856 3632 Wallisio
881 3568 1026 3648 ἀκρίβειαν
1049 3557 1150 3629 illam

108 3672 255 3768 logices,
274 3696 385 3770 quam
400 3673 578 3767 exigimus
596 3669 1150 3745 mathematicis—Mamm

107 3786 215 3884 apud
232 3785 430 3859 Chaldaeos
440 3795 534 3883 post
550 3784 724 3858 diluvium
734 3783 1052 3882 primofloruisse
1069 3807 1150 3855 cre-

107 3899 223 3987 ditur,
248 3898 384 3971 der'nde
401 3898 506 3994 apud
520 3898 725 3996 Egyptian,
747 3922 827 3969 eum
844 3896 912 3969 hoe
930 3905 1052 3968 tamen
1071 3896 1150 3968 dis-

107 4013 285 4094 crinitum
326 4011 586 4084 Chuldoeorum
618 4010 857 4097 astronomia,
897 4009 1150 4106 Egyptiorum

102 4126 317 4225 geometria
335 4125 525 4199 celebrata
542 4122 771 4197 est-Unde
789 4121 886 4195 seit?
929 4121 1054 4196 Quare
1071 4146 1150 4194 ere-

105 4240 234 4314 ditur?
275 4239 344 4312 Cui
361 4237 566 4313 historico?
606 4237 782 4333 Oportuit
795 4237 1001 4308 nominasse
1018 4235 1150 4307 autho-

104 4378 183 4428 rem
206 4376 326 4428 suum.
378 4353 477 4427 Nam
502 4364 647 4441 contra,
674 4350 936 4423 astronomiam
956 4346 1149 4421 Chaldaeos

968 4483 993 4534 Β
1012 4465 1026 4506 2
