2956 5018
293 417 716 472 Paononnronnsraus
737 419 782 470 ru
805 417 988 470 annana.
1087 401 1159 479 479

124 580 209 670 Sed,
236 595 389 678 propter
418 584 593 681 angulum
618 585 696 680 Casa
716 599 857 661 rectum
887 586 1044 660 divisum
1072 585 1166 658 bita·
1198 611 1363 652 anieron.

123 695 216 767 riam
243 696 290 768 ab
314 695 384 792 ay,
403 709 505 770 recta
523 697 576 774 Ca
599 696 711 796 dupla
733 711 789 774 est
813 712 925 774 rectae
943 699 1023 788 CR,
1041 699 1164 788 idest,
1205 681 1347 717 ψ

124 818 235 881 rectae
253 808 333 882 DO.

178 920 315 993 Coroll.
334 923 358 995 i.
387 922 572 997 Quoniam
590 923 658 996 DV
677 936 734 997 est
760 925 919 998 semissis
945 923 1070 998 lateris
1093 925 1167 1014 BC,

125 1045 164 1107 et
180 1034 248 1108 DO
272 1035 431 1108 semissis
461 1034 647 1132 adJunctae
670 1036 731 1126 Cl,
761 1049 799 1110 et
827 1037 938 1111 ducta
955 1036 1010 1110 Aa
1036 1038 1169 1111 transit

127 1148 185 1238 (ut
212 1171 324 1244 supra
354 1160 543 1222 ostensum
570 1150 640 1241 est)
673 1172 739 1244 per
757 1150 820 1233 X;
847 1150 917 1222 erit
939 1149 1034 1224 ratio
1052 1149 1104 1222 Ba
1121 1149 1168 1222 ad

125 1260 197 1333 DX
228 1259 415 1357 duplicata
444 1261 598 1335 rationis
615 1261 687 1335 AD
713 1262 761 1335 ad
779 1260 865 1336 DX.
918 1263 1044 1338 Quare
1073 1263 1167 1336 ratio

125 1373 203 1458 OV,
221 1372 297 1446 sive
316 1374 376 1447 Db
397 1375 570 1468 (semissis
588 1376 701 1471 ipsius
715 1374 797 1469 Ba),
816 1373 862 1447 ad
878 1373 944 1447 DF
965 1375 1169 1467 (semissem

125 1486 238 1582 ipsius
255 1485 358 1579 AD),
380 1486 565 1582 duplicata
595 1490 667 1562 erit
693 1488 845 1561 rationis
870 1486 942 1560 AD
960 1486 1008 1560 ad
1025 1487 1111 1577 DX,
1130 1489 1169 1562 id

124 1610 192 1687 est,
211 1599 340 1672 eadem
358 1600 454 1673 ratio
472 1624 581 1696 quarn
598 1602 710 1675 habet
728 1599 793 1676 DC
812 1599 860 1673 ad
872 1600 956 1673 DX.
1009 1600 1062 1673 Ut
1080 1625 1168 1696 ergo

126 1713 192 1787 DC
209 1712 257 1785 ad
275 1711 361 1800 DX,
379 1713 431 1787 ita
448 1726 505 1787 est
526 1715 593 1788 OV
610 1717 686 1788 sive
704 1714 764 1788 Dh
776 1713 824 1788 ad
840 1712 917 1786 DF.
968 1712 1063 1786 Sunt
1080 1737 1168 1810 ergo

126 1850 253 1899 rursus
271 1823 350 1915 DC,
370 1826 440 1917 Db,
454 1826 521 1900 DF
539 1831 714 1901 continue
731 1826 1035 1924 proportionales.

180 1938 318 2011 Caroli.
336 1939 373 2012 ii.
399 1940 584 2036 iungatur
609 1966 677 2039 gp,
706 1940 1003 2037 producaturque
1030 1938 1077 2012 ad
1105 1939 1169 2013 RC

126 2054 166 2127 in
183 2087 217 2150 γ.
271 2052 455 2127 Quoniam
471 2077 559 2149 ergo
577 2054 638 2151 Ay
652 2054 763 2151 dupla
779 2065 837 2127 est
854 2054 926 2151 Ag,
938 2053 1009 2126 erit
1025 2077 1169 2149 quoque

131 2167 297 2263 (propter
331 2167 607 2240 similitudinem
641 2166 912 2263 triangulorum
941 2166 1043 2264 Ayg,
1073 2166 1167 2265 0317)

127 2291 230 2352 recta
246 2278 303 2375 pc
320 2278 432 2373 dupla
449 2279 516 2377 Cp.
569 2281 699 2376 ltaque
718 2280 783 2379 Cy,
802 2278 869 2351 Bm
887 2291 975 2352 sunt
993 2279 1170 2374 aequales:

128 2404 167 2465 et
184 2394 250 2480 Rp,
269 2416 349 2488 quae
373 2402 429 2464 est
457 2391 664 2465 differentia
688 2393 786 2466 inter
804 2393 869 2466 CR
886 2404 924 2466 et
942 2392 1005 2480 0„
1022 2391 1171 2487 aequalis

128 2504 344 2579 differentiae
361 2505 458 2579 inter
482 2505 673 2579 dimidium
690 2506 816 2579 lateris
834 2517 872 2578 et
890 2517 1104 2601 tangentem
1123 2511 1171 2578 30

127 2618 323 2714 graduum.
1203 2690 1204 2693 ,

182 2730 320 2805 Coroll.
338 2731 388 2804 iii.
432 2731 555 2828 Dupla
579 2755 626 2828 ry
651 2729 800 2826 aequalis
833 2742 891 2803 est
925 2728 1093 2828 tangenti
1124 2736 1172 2802 30

127 2844 321 2940 graduum,
347 2868 480 2940 nempe
514 2855 627 2918 rectae
658 2843 722 2921 Ca.
786 2843 884 2917 Nam
914 2843 985 2939 Rp,
1014 2865 1062 2940 pr
1085 2854 1172 2914 sunt

128 2958 297 3055 aequales.

182 3070 322 3143 Coroll.
340 3071 388 3144 iv.
422 3069 588 3143 Semissis
618 3068 922 3142 circumferentiae
950 3069 1077 3141 circuli
1109 3066 1172 3140 de-

130 3183 258 3279 scripti
274 3208 297 3255 a
310 3207 362 3280 gr
381 3183 587 3272 semiradio,
605 3182 754 3278 aequalis
772 3191 829 3253 est
852 3181 1029 3253 lateribus
1045 3179 1172 3251 ambo-

129 3296 198 3369 bus
225 3296 403 3369 cuborum
431 3318 587 3389 quorum
610 3317 706 3367 unus
731 3291 1056 3380 circumscribitur,
1079 3292 1173 3364 alter

130 3408 343 3481 inscribitur
360 3406 479 3479 eidem
497 3406 649 3502 sphaerae
667 3406 704 3478 in
723 3429 796 3501 qna
817 3403 997 3476 maximus
1015 3403 1173 3476 circulus

131 3532 186 3594 est
214 3520 277 3617 qui
302 3519 520 3592 describitur
549 3517 652 3591 radio
676 3540 731 3615 gr
761 3517 903 3590 semissi
935 3517 1060 3590 lateris
1078 3515 1172 3599 AB;

130 3635 231 3732 quod
247 3634 300 3708 sic
318 3632 483 3706 ostendo.
536 3631 576 3704 Si
599 3632 638 3703 in
664 3631 928 3727 quadratorum
945 3654 1074 3704 eorum
1091 3652 1174 3724 quae

131 3748 216 3821 cubi
228 3749 333 3821 bases
351 3759 449 3836 sunt,
464 3770 539 3820 uno
556 3768 775 3842 quocunque
789 3744 946 3818 ducatur
957 3744 1173 3840 diagonalis,

131 3860 202 3935 erit
219 3859 438 3957 quadratum
456 3860 534 3955 ejus
552 3856 704 3953 duplum
717 3857 888 3953 quadrati
905 3882 928 3930 a
945 3858 1059 3930 latere
1077 3857 1173 3929 cubi.

131 3974 272 4048 Rursus
290 3974 321 4046 si
338 3974 378 4045 in
395 3973 552 4046 termino
570 3973 749 4045 alterutro
767 3971 864 4043 illins
883 3969 1086 4067 diagonalis
1104 3969 1174 4042 eri-

130 4098 241 4184 gatur
257 4086 569 4184 perpendicularis
578 4083 727 4182 aequalis
741 4085 827 4158 cubi
843 4084 961 4169 lateri,
974 4093 1076 4156 recta
1092 4106 1175 4178 quae

130 4200 319 4275 subtendit
347 4198 589 4295 diagonalem,
607 4208 645 4273 et
661 4197 757 4273 latus
774 4197 866 4271 illud
884 4197 968 4271 cubi
996 4209 1173 4286 erectum,
