2946 5010
282 395 354 462 254
600 408 654 460 nn
675 408 845 460 urruns
863 406 1000 459 nnnrs.

282 577 425 674 explica
451 601 540 673 ergo
563 578 683 673 primo
701 602 767 673 per
785 578 1007 675 hypotheses
1029 587 1124 663 tuas,
1148 576 1180 648 si
1205 588 1326 672 potes,

282 713 395 787 quare
412 688 452 762 id
468 690 516 763 sit
532 691 789 764 necessarium.

331 801 378 877 A.
406 802 591 878 Quoniam
603 827 670 899 per
682 803 839 877 suctoris
853 803 1115 875 retractionem
1133 826 1196 875 aer
1208 826 1325 898 purus

282 915 460 1013 impulsus
484 930 576 1005 erut,
604 928 729 1012 partes
753 930 878 990 autem
901 929 1032 989 terreae
1054 915 1221 1012 impulsae
1245 939 1325 990 non

281 1039 399 1118 erant,
433 1031 551 1125 major
585 1040 665 1102 erat
692 1030 787 1103 ratio
814 1028 1077 1125 particularum
1107 1043 1324 1117 terreorum,

282 1165 364 1237 quae
393 1154 499 1215 extra
521 1142 728 1239 cylindrum
754 1142 891 1216 suctori
912 1144 1097 1238 contiguae
1127 1152 1245 1230 erant,
1275 1141 1326 1215 ad

281 1278 403 1328 aerem
434 1279 580 1351 purum,
611 1255 648 1328 in
679 1278 752 1350 quo
779 1266 922 1328 motum
949 1279 1055 1327 suum
1089 1254 1325 1345 exercebant,

280 1381 366 1464 post
394 1369 640 1442 revulsionem
670 1393 781 1465 quam
810 1378 908 1441 ante.
973 1368 1098 1442 Quare
1131 1368 1326 1464 particulae

281 1480 354 1555 illae
376 1493 499 1570 motae,
523 1481 644 1553 minus
671 1481 850 1554 habentes
877 1481 948 1554 loci
974 1481 1022 1553 ad
1048 1493 1189 1555 motum
1216 1505 1326 1555 suum

280 1594 486 1667 naturalem
512 1592 770 1681 exercendum,
787 1593 869 1667 aliae
892 1593 972 1666 aliis
995 1594 1259 1690 impingebant,
1287 1608 1327 1669 et

280 1707 545 1804 propellebant.
610 1707 768 1780 Necesse
803 1731 891 1803 ergo
926 1719 1005 1780 erat
1044 1719 1088 1780 ut
1120 1707 1326 1804 particulae,

282 1845 365 1918 quae
391 1821 546 1894 suctoris
572 1821 778 1918 superficiei
800 1821 985 1916 contiguae
1004 1833 1119 1909 erant,
1139 1831 1326 1895 suctorem

281 1935 539 2031 propellerent.
576 1932 689 2008 Quod
706 1945 763 2007 est
781 1934 900 2029 ipsum
915 1933 1198 2029 phaeuomenon.
1238 1934 1326 2008 Hoc

282 2059 406 2121 autem
431 2047 707 2121 connotandum
725 2059 792 2136 est,
817 2046 959 2143 quoda
981 2059 1154 2142 surgente
1177 2058 1326 2122 suctore

280 2184 344 2234 aer
360 2161 422 2256 qui
445 2174 525 2235 erat
547 2162 646 2234 intra
668 2161 887 2258 cylindrum,
911 2161 1040 2235 eadem
1066 2161 1138 2251 via,
1165 2186 1238 2260 qua
1266 2160 1327 2234 in-

281 2274 405 2363 travit,
423 2274 700 2370 exprimeretur.

331 2385 379 2460 B.
406 2388 501 2460 Fieri
526 2387 673 2484 quidem
702 2388 755 2462 ita
781 2412 889 2483 posse
916 2387 1023 2460 facile
1049 2385 1178 2471 vide03
1204 2411 1327 2483 neque

281 2499 356 2571 illio
374 2500 571 2596 quicquam
588 2500 696 2574 video
714 2502 879 2575 mirabile
898 2512 1034 2597 praeter
1062 2501 1179 2595 ipsam
1208 2501 1327 2597 hypo-

281 2613 426 2685 thesim.
478 2614 601 2688 Quam
624 2627 748 2688 tamen
772 2617 892 2688 minus
915 2614 1101 2710 aliquanto
1119 2614 1326 2687 mirabilem

283 2746 362 2795 esse
380 2724 510 2810 fateor,
528 2749 636 2821 quam
655 2738 711 2799 est
732 2726 935 2823 suppositio
956 2739 1084 2798 nostra
1101 2726 1146 2798 de
1170 2727 1264 2799 aeris
1288 2729 1326 2800 vi

281 2835 443 2908 clastioa.

332 2947 379 3020 A.
408 2949 460 3021 Ut
477 2973 627 3043 operum
645 2963 787 3024 naturae
805 2951 1025 3023 mirabilium
1043 2976 1162 3024 causae
1180 2976 1327 3047 quoque

283 3061 357 3133 sint
379 3063 573 3151 mirabiles
598 3065 787 3138 aratione
817 3065 975 3137 alienum
1002 3090 1078 3138 non
1102 3077 1178 3149 est;
1206 3089 1327 3161 neque

281 3173 440 3247 hominis
457 3175 665 3272 philosophi
690 3201 767 3251 esse
788 3202 932 3267 censeo,
950 3203 1145 3275 corporum
1163 3203 1327 3275 quorun-

282 3287 379 3379 dam,
410 3301 453 3361 ut
483 3290 568 3362 solis
603 3304 640 3364 et
670 3293 870 3381 stellarum,
905 3291 1089 3364 mirabiles
1119 3316 1327 3387 supponere

281 3402 565 3498 magnitudines
606 3417 735 3478 contra
769 3430 858 3478 vero
893 3405 1075 3477 mirabiles
1106 3405 1327 3499 exiguitates

280 3538 355 3588 non
394 3515 618 3588 admittere:
657 3541 742 3590 cum
769 3517 918 3590 virtutis
963 3517 1125 3612 ejusdem
1169 3519 1327 3592 infinitae

280 3628 329 3702 sit
355 3640 510 3725 utraque
542 3654 678 3720 creare,
710 3642 787 3703 tam
817 3630 979 3703 maxima
1008 3655 1117 3727 quam
1149 3631 1326 3716 minima;

280 3753 318 3814 et
352 3743 603 3815 mirandorum
646 3746 842 3818 effectuum
886 3768 1014 3817 causas
1057 3744 1211 3817 reddere
1245 3745 1326 3817 sine

280 3856 457 3929 mirandis
492 3858 768 3953 hypothesibus,
808 3859 857 3930 sit
890 3859 1126 3953 impossibile.
1197 3858 1326 3953 Hypo·

279 3970 412 4042 thesim
431 3971 632 4066 legitimam
650 3972 792 4045 faciunt
814 3972 896 4044 duae
917 3996 976 4044 res
993 4003 1001 4054 ;
1029 3997 1179 4068 quaram
1205 3972 1328 4066 prima

280 4094 347 4171 est,
361 4095 404 4155 ut
421 4085 469 4155 sit
487 4085 751 4180 conceptibiliS,
768 4086 805 4158 id
823 4096 888 4171 est,
904 4109 978 4156 non
997 4084 1175 4167 absurda;
1195 4084 1326 4173 altera,

280 4207 322 4266 ut
340 4197 384 4267 ab
403 4222 447 4269 ea
465 4222 641 4270 concessa
658 4199 785 4270 inferri
803 4199 918 4293 possit
944 4199 1174 4293 phaerromeni
1196 4222 1326 4271 neces-

283 4306 384 4381 sitas,
437 4310 580 4381 Harum
598 4310 715 4406 prima
733 4323 833 4385 caret
851 4312 1063 4408 hypothesis
1080 4324 1224 4395 vestra;
1252 4312 1325 4385 nisi
