2946 5010
483 421 819 474 secununuauu.
1100 415 1171 478 455

134 597 158 625 ²
182 584 225 657 lu
260 585 332 659 CM
369 596 535 659 sumatur
569 587 647 675 CN,
683 588 833 683 aequalis
868 589 1063 662 semiradio
1095 590 1169 663 BG.

127 697 359 776 Producatur
382 700 451 774 AD
478 700 526 773 ad
548 734 584 798 γ,
607 700 662 774 ita
685 712 728 774 ut
754 702 814 798 Αγ
830 701 878 775 sit
902 702 1051 798 aequalis
1079 702 1172 774 BN:

124 813 377 908 jungaturque
401 813 474 910 Ny,
498 837 609 909 quam
636 826 736 887 secet
766 815 827 886 EF
850 815 1031 911 producta
1060 815 1098 888 iu
1122 816 1171 890 P:

123 926 376 1021 jungaturque
395 926 466 1014 BP,
485 949 612 998 secans
630 925 699 1000 GH
716 926 754 1000 in
771 926 816 1000 V.

178 1039 244 1111 Est
261 1062 350 1133 ergo
371 1039 452 1134 (per
470 1063 575 1135 prop.
594 1046 654 1122 47.
672 1039 788 1112 Elem.
799 1040 827 1130 i)
844 1039 1066 1135 quadratum
1077 1066 1100 1114 a
1113 1041 1172 1116 BP

128 1149 324 1247 decuplum
342 1150 512 1246 quadrati
529 1152 575 1223 ab
594 1151 671 1225 NP.
722 1152 790 1224 Est
810 1162 934 1224 autem
952 1153 1172 1249 quadratum

126 1286 150 1336 a
167 1263 269 1336 radio
287 1264 353 1336 AB
368 1263 615 1360 quadruplum
632 1264 803 1360 quadrati
819 1264 866 1337 ab
884 1264 972 1340 NP:
1000 1280 1039 1340 et
1060 1290 1172 1365 prop-

127 1387 241 1462 terea,
261 1376 481 1472 quadratum
498 1400 521 1448 a
539 1377 600 1451 BP
613 1387 670 1450 est
687 1376 735 1450 ad
752 1377 973 1472 quadratum
990 1380 1038 1452 ab
1051 1379 1118 1454 AB
1129 1394 1173 1454 ut

128 1498 176 1564 10
193 1488 241 1562 ad
259 1499 295 1563 4.
339 1489 574 1564 Probandum
591 1512 681 1586 ergo
698 1502 753 1564 est
770 1502 891 1565 rectas
909 1491 981 1581 BP,
1000 1492 1075 1566 ΒΜ
1094 1517 1171 1568 esse

126 1603 297 1697 aequales.

127 1775 129 1783 .
177 1714 345 1788 Ducatur
359 1714 440 1789 ΜΟ
452 1714 625 1811 parallela
643 1715 719 1804 NP,
734 1739 861 1789 secans
880 1717 941 1790 BP
952 1717 1171 1812 productam

125 1830 166 1902 in
190 1828 237 1917 Q,
256 1839 293 1901 et
318 1830 379 1903 ΕΡ
403 1828 623 1924 productam
646 1828 684 1901 iu
714 1829 759 1902 R.
809 1830 890 1903 Erit
918 1854 1005 1925 ergo
1024 1830 1171 1906 NMRP

127 1943 395 2038 rectangulum.
449 1942 614 2015 Ducatur
641 1966 664 2014 a
692 1956 831 2039 puncto
858 1943 900 2016 M
925 1943 972 2016 ad
1000 1944 1061 2016 BP
1087 1968 1170 2039 per-

125 2056 371 2152 pendicularis
384 2057 458 2129 ΜΟ
472 2087 480 2140 ;
499 2080 582 2152 quae
596 2055 777 2151 producta
789 2057 929 2129 incidat
942 2057 980 2128 in
998 2058 1058 2129 ΕΡ
1070 2057 1117 2130 ad
1131 2058 1168 2130 S.

129 2235 131 2239 ,
178 2169 272 2242 Sunt
295 2193 383 2263 ergo
412 2170 596 2265 triangula
615 2170 722 2256 BNP,
743 2169 850 2242 ΒΟΜ
877 2169 1020 2242 similia.
1073 2171 1171 2244 Nam

126 2282 252 2377 auguli
269 2281 317 2354 ad
335 2283 370 2354 N
388 2294 425 2355 et
443 2282 475 2356 0
490 2293 576 2354 sunt
593 2282 685 2355 recti
702 2282 874 2378 aequales,
892 2292 932 2354 et
949 2283 1105 2377 angulus
1122 2286 1171 2359 ad

127 2397 158 2468 B
186 2395 401 2468 communis.
457 2394 581 2469 Quare
611 2395 722 2467 etiam
756 2395 882 2490 auguli
918 2395 1039 2486 ΒΜΟ,
1070 2398 1168 2470 ΒΡΝ

126 2521 212 2582 sunt
230 2509 398 2602 aequales.

177 2623 215 2694 Si
229 2623 307 2717 jam
324 2634 436 2694 rectae
454 2621 535 2708 MS,
550 2620 630 2694 ΜΟ
649 2632 734 2693 sunt
751 2620 920 2716 aequales,
935 2621 1168 2694 manifestum

125 2747 181 2809 est
209 2735 367 2832 aequales
398 2757 544 2830 quoque
572 2757 651 2807 esse
678 2734 776 2807 inter
805 2758 844 2807 se
872 2746 952 2807 tum
980 2736 1054 2824 RS,
1085 2735 1168 2821 ΟΟ,

120 2860 202 2923 tum
221 2850 332 2922 etiam
350 2847 438 2935 ΜΟ,
465 2848 555 2933 ΜΒ,
580 2861 620 2922 et
635 2860 816 2944 praeterea
833 2847 910 2937 ΒΟ,
931 2848 1020 2922 BN:
1047 2862 1086 2923 et
1101 2872 1169 2945 per

124 2984 363 3058 consequeus,
382 2961 601 3057 quadratum
619 2985 642 3033 a
659 2960 732 3034 ΒΜ
756 2960 804 3033 ad
831 2960 1087 3057 quadratuma
1104 2961 1167 3034 ΒΟ

124 3087 165 3148 ut
189 3083 232 3148 10
250 3075 298 3147 ad
314 3084 351 3147 4.
404 3073 515 3148 Quod
531 3084 588 3146 est
604 3072 845 3169 propositum.

175 3188 350 3260 Sumatur
366 3188 405 3261 in
424 3188 497 3259 ΒΜ
518 3210 603 3282 pars
625 3186 739 3282 ipsius
767 3184 877 3258 tertia
905 3183 968 3272 Ba,
986 3184 1086 3280 quod
1102 3186 1166 3260 fiet

125 3299 302 3374 sumendo
316 3302 372 3374 Ga
391 3301 538 3374 tertiam
556 3311 697 3395 partem
715 3310 827 3374 reetae
845 3298 923 3370 GL.
969 3297 1086 3370 Badio
1104 3323 1165 3371 au-

125 3425 199 3484 tem
219 3412 273 3485 Ba
292 3413 522 3486 describatur
536 3436 642 3485 arcus
657 3411 785 3484 circuli
802 3434 929 3484 secans
947 3422 1085 3484 rectam
1100 3412 1165 3484 GV

124 3524 270 3616 alicubi,
288 3526 490 3622 etquidem
512 3526 637 3618 (sensu
650 3523 793 3620 judice)
813 3524 852 3595 iu
870 3523 948 3619 ipso
966 3536 1105 3619 puncto
1119 3525 1164 3597 V.

174 3636 316 3710 Rursus
351 3637 562 3733 duplicato*
593 3636 658 3724 Ba,
687 3646 732 3707 ut
757 3636 825 3708 fiat
853 3635 907 3727 Ββ
933 3635 1016 3708 duae
1046 3637 1165 3710 tertiae

123 3761 236 3823 rectae
264 3751 360 3823 BM:
387 3762 425 3823 et
447 3749 552 3822 radio
577 3748 632 3828 Ββ
650 3748 878 3822 describatur
901 3772 1008 3822 arcus
1037 3749 1166 3822 circuli

123 3887 251 3937 secans
271 3863 338 3935 CD
355 3863 393 3934 in
411 3890 453 3959 y:
479 3862 613 3934 iterum
632 3862 759 3953 (sensu
783 3861 926 3958 judice)
946 3872 1165 3959 punctumy

123 3977 194 4050 erit
211 3977 248 4048 iu
267 3975 525 4047 intersectione
550 3987 736 4048 rectarum
755 3974 827 4062 BP,
847 3974 923 4046 CD.
975 3975 1164 4051 Postremo

122 4090 227 4163 radio
252 4099 332 4160 toto
358 4086 431 4159 BM
460 4085 665 4183 descriptus
691 4111 798 4159 arcus
822 4086 961 4175 circuli,
993 4087 1165 4160 transibit

504 4327 520 4358 ⁴*
542 4324 590 4385 Sic
605 4325 673 4384 edit.
693 4328 777 4385 1668.

1198 620 1266 661 ΟᾸΡ.
1279 619 1370 660 xxut.

1211 687 1356 722 »qa-a

1185 746 1220 790 Dc
1228 746 1351 805 quantitate

1184 816 1249 856 tacta
1260 810 1385 869 compositu

1183 890 1212 920 cx
1225 876 1288 921 radio
1302 874 1387 928 circuli,
