2946 5010
307 415 354 481 94
523 427 793 481 nxnuruarro
812 429 865 481 nr
883 428 1133 481 nununnrro

119 621 269 663 uramara
306 594 467 692 gradus,
490 594 570 668 aive
597 593 798 668 accendent
821 595 899 668 aive
924 594 1162 679 decceodeuo,
1190 592 1345 691 prim,

121 703 265 808 „IL
306 706 500 793 secundus,
518 707 665 796 tertiae,
679 717 762 795 etc,
780 705 879 781 illud
903 716 960 780 eat
983 704 1217 807 olgcbrittt’a,
1234 705 1346 797 lutus,

305 819 538 916 quadratam,
555 817 677 910 atus,
695 829 763 893 ctc.

357 931 530 1006 Concedo
542 933 649 1022 latus,
663 934 893 1030 quadratum,
905 935 1051 1022 cubum,
1062 931 1346 1006 fundamentum

304 1066 396 1134 esse,
420 1045 480 1118 cui
502 1045 658 1133 insistit,
676 1046 823 1121 dicam?
849 1071 898 1120 an
915 1058 1045 1121 contra
1061 1069 1144 1120 cunr
1163 1045 1344 1136 Wullisio,

305 1183 353 1231 ec
369 1183 440 1256 quo
458 1159 641 1258 dependet
656 1160 793 1258 regula
810 1159 1010 1259 algebraet
1061 1159 1135 1234 Sed
1159 1183 1237 1234 non
1256 1159 1344 1234 inde

304 1271 488 1368 dependet
504 1296 563 1345 ars
581 1273 784 1370 analyticae.
835 1272 888 1346 At
904 1273 965 1346 ille
981 1272 1094 1357 illam,
1108 1295 1219 1369 quarn
1232 1272 1344 1347 modo

303 1386 479 1459 tractavit
500 1387 804 1476 numerationem,
827 1410 971 1482 nempe,
995 1408 1062 1482 per
1087 1386 1254 1459 locorum
1280 1411 1344 1460 va-

302 1499 398 1574 lores
415 1498 454 1572 in
470 1501 767 1597 proportionibus
784 1501 958 1597 decuplis,
976 1498 1200 1598 quadruplis,
1211 1500 1342 1597 triplis,

303 1624 387 1703 etc,
405 1613 563 1709 algebrae
586 1613 867 1688 fundamentum
897 1637 975 1688 esse
1004 1612 1151 1698 statuit3
1176 1613 1218 1686 id
1244 1614 1344 1712 quod

305 1725 450 1800 difficile
467 1739 524 1801 est
545 1726 708 1818 credere,
727 1752 810 1801 cum
828 1740 915 1801 ante
941 1727 1044 1800 illum
1072 1726 1180 1799 multi
1205 1726 1344 1802 fuerint

303 1838 520 1935 algebristae‚
540 1839 604 1912 sed
622 1840 686 1937 qui
702 1840 975 1914 numerationes
991 1840 1059 1913 has
1084 1861 1200 1913 novas
1226 1840 1343 1914 edidit

301 1951 379 2048 ipse
396 1952 535 2049 primus
552 1965 621 2027 est.

354 2066 400 2138 B.
429 2065 618 2162 Nusquam
636 2075 771 2154 tamen,
789 2064 887 2162 quod
903 2064 1065 2154 memini,
1078 2065 1343 2140 numerationi-

302 2180 371 2253 bus
387 2178 517 2252 istisin
534 2179 770 2274 sequentibus
786 2178 916 2251 utitur.
953 2177 1025 2252 Sed
1041 2201 1108 2274 per
1124 2177 1342 2253 fundamen-

303 2304 383 2366 tum
399 2291 573 2387 intelligit
589 2314 665 2363 non
682 2290 785 2376 illud,
802 2291 867 2363 sed
882 2290 1163 2387 proportionum
1188 2292 1237 2365 ab
1259 2293 1341 2367 uni·

301 2416 378 2479 tate
388 2403 643 2500 incipientium
652 2403 866 2476 varietatem
877 2426 1034 2477 omnem.
1072 2403 1341 2499 Itaqueverum

302 2529 358 2590 est
375 2516 473 2613 quod
490 2515 593 2589 dicit.

353 2630 401 2703 Α.
427 2630 529 2702 Esto.
582 2629 660 2700 Cur
686 2638 810 2700 autem
837 2629 946 2724 paulo
968 2640 1054 2725 post
1084 2628 1130 2701 de
1157 2630 1340 2704 veteribus

301 2742 463 2837 loquitur
494 2740 713 2836 algebristiS,
731 2765 775 2813 ac
802 2741 833 2813 si
856 2740 895 2813 id
919 2754 984 2813 aut
1013 2741 1248 2836 ignorassent
1276 2756 1341 2818 aut

301 2854 601 2941 dissimulassent,
620 2865 657 2926 et
683 2878 831 2926 causam
858 2855 1077 2949 ignorantiae
1102 2879 1230 2928 eorum
1258 2880 1340 2930 eam

300 2991 378 3041 esse
394 2968 483 3041 dicit
501 2966 599 3063 qood
613 2967 930 3040 arithmeticorum
946 2992 1065 3056 unum,
1081 2992 1152 3040 non
1174 2994 1274 3058 vcro,
1299 2980 1340 3042 ut

299 3082 478 3179 oportuit,
496 3081 649 3170 nullum,
668 3105 748 3152 cum
757 3089 896 3178 puncto
903 3081 1129 3179 geometrico
1142 3106 1340 3181 compara·

298 3199 416 3268 rent?

348 3307 394 3380 B.
417 3308 525 3380 Certe
542 3307 581 3378 in
599 3305 763 3378 Eteocle
780 3329 846 3379 suo
858 3316 988 3379 contra
1001 3307 1203 3397 Hobbium,
1214 3310 1340 3382 multis

298 3422 336 3495 in
354 3422 444 3494 locis
461 3421 618 3492 affirmat
634 3428 812 3515 punctum
837 3444 919 3492 ease
945 3418 1049 3492 nihil.
1102 3421 1235 3493 Postea
1252 3446 1339 3495 vero

298 3537 337 3608 in
354 3536 427 3607 alio
452 3533 574 3607 libello
598 3532 798 3605 defendens
827 3534 961 3606 librum
986 3557 1091 3605 sunm
1109 3532 1170 3604 De
1186 3533 1340 3633 Angnlo

302 3649 503 3721 Contractus
534 3659 571 3720 et
599 3647 662 3719 De
680 3646 926 3720 Arithmetico
952 3645 1183 3741 Irfim'toram
1208 3659 1340 3720 contra

298 3762 455 3834 eundem
489 3760 691 3848 Hobbium,
722 3772 833 3854 negat
862 3783 900 3832 se
935 3760 988 3831 ita
1022 3760 1167 3832 dixisse.
1227 3761 1338 3834 Nunc

298 3893 420 3952 autem
434 3879 536 3951 illum
554 3878 683 3951 saltem
701 3878 753 3949 sic
770 3877 905 3949 sentire
919 3877 1007 3949 satis
1023 3877 1202 3973 intelligo.

348 3994 397 4064 Α.
423 3993 539 4065 Video
567 3990 798 4087 phantasiam
827 3990 915 4083 ejuS,
939 3989 1019 4062 aliis
1043 3989 1136 4063 ideis
1166 3992 1338 4064 omnibus

298 4104 439 4195 deletiS,
458 4106 543 4177 solis
562 4118 777 4200 occupatam
794 4126 871 4174 esse
898 4103 1082 4198 symbolis.
1136 4103 1211 4178 Qui
1240 4105 1338 4178 enim

297 4217 404 4290 aliter
421 4219 500 4291 fieri
517 4219 650 4314 potuit,
667 4231 711 4289 ut
728 4215 891 4312 symbola
908 4216 1073 4288 radicum
1098 4241 1338 4290 numerorum

297 4332 408 4404 etiam
426 4356 500 4404 non
519 4332 781 4427 quadratorum
798 4352 969 4402 numeros
996 4329 1200 4426 appellaret
1227 4353 1337 4404 sanus
