2946 5010
348 422 668 475 unrununrrcm
690 424 934 476 nonrnuum.
1118 406 1166 486 73

123 613 291 686 sequens,
302 590 397 662 ratio
416 590 638 687 aequalitatis
655 614 831 687 superans
846 590 1028 663 rationem
1043 590 1166 687 clefec-
1202 620 1355 661 unrocus

123 715 194 792 tm,
230 727 308 775 non
343 716 419 775 tam
453 705 635 776 rationem
670 703 838 799 dffectua
871 715 1021 799 superat
1057 728 1166 798 quam
1206 701 1349 804 ,ᾗ

121 817 308 914 deffectu-m
335 815 499 905 rationiS,
528 816 660 904 idest,
692 816 875 911 dafectam
905 816 1168 912 magnitudinis

123 955 197 1027 qua
213 929 352 1025 aequari
369 929 486 1025 possit
503 954 586 1003 cum
606 952 649 1001 eo
668 929 814 1024 quicum
833 941 1078 1025 comparatur.

174 1046 224 1116 B.
250 1043 395 1116 Videris
417 1043 488 1116 hoc
511 1045 617 1132 velle,
636 1044 674 1116 in
692 1044 966 1139 comparatione
983 1044 1168 1116 rationum

122 1156 331 1254 promiscue
343 1156 547 1252 computari
562 1179 734 1228 excessua
748 1168 786 1227 et
799 1154 988 1250 desectus:
1002 1156 1170 1230 similiter

124 1294 170 1344 ac
192 1270 222 1343 si
241 1270 322 1365 quis
344 1269 484 1342 habens
510 1269 567 1342 sui
592 1269 675 1341 aeris
700 1268 832 1364 viginti
857 1268 981 1357 libras,
1002 1281 1040 1342 et
1061 1269 1170 1343 alieni

124 1383 295 1470 totidem,
325 1393 537 1455 numeraret
566 1381 781 1455 indistincte
805 1404 984 1454 summam
1013 1382 1170 1478 quadra-

122 1498 232 1592 ginta
247 1495 436 1585 librarum,
452 1519 537 1567 cum
554 1494 706 1569 deberet
722 1519 915 1569 numerare
933 1495 1035 1568 nihil.

176 1608 226 1681 A.
254 1608 313 1681 Ita
330 1619 398 1682 est.

176 1722 227 1795 B.
255 1719 329 1794 Sed
346 1719 449 1808 illud,
474 1719 657 1792 rationem
683 1720 852 1817 dffectua
879 1744 962 1794 esre
989 1721 1172 1818 dffectum

124 1834 301 1923 rationis,
335 1833 385 1906 ad
410 1833 753 1907 mathematicorum
788 1858 895 1907 aures
931 1836 1083 1908 accedet
1116 1836 1173 1908 iu-

127 1960 286 2020 suetum.

178 2060 227 2133 A.
256 2057 376 2132 Credo
394 2058 462 2130 tibi
479 2057 563 2132 hoc.
614 2060 789 2131 Attamen
806 2082 936 2132 verum
962 2082 1042 2132 esse
1066 2059 1174 2132 facile

126 2196 320 2269 agnosces,
348 2171 378 2244 si
406 2161 686 2257 animadvertas,
714 2171 861 2267 quaudo
892 2172 974 2246 duae
1001 2172 1173 2262 rationes,

128 2298 286 2381 utraque
304 2283 456 2356 minoris
474 2283 522 2355 ad
539 2286 728 2380 majorem,
755 2297 1037 2381 componuntur,
1060 2287 1174 2359 ratio-

127 2422 215 2471 nem
235 2397 313 2469 fieri
330 2396 523 2469 minorem.

179 2511 229 2582 B.
255 2511 394 2581 Verum
424 2520 494 2596 est,
522 2520 559 2581 et
589 2522 787 2606 propterea
816 2535 979 2600 necesse,
1009 2521 1051 2584 ut
1079 2512 1178 2585 ratio

128 2624 295 2720 defectus
322 2623 375 2694 ait
402 2621 570 2718 dffectua
591 2624 763 2696 rationis.
818 2626 1058 2700 Quantitates
1079 2625 1177 2697 enim

129 2760 259 2810 omnes
294 2735 457 2831 ejusdem
492 2736 638 2831 generis
673 2737 899 2832 compositae,
931 2739 1178 2833 quantitatem

129 2850 273 2922 faciunt
298 2849 488 2943 majorem.
540 2850 661 2922 Etiam
690 2849 854 2923 defectus
878 2851 909 2924 si
931 2851 1092 2925 defectui
1115 2851 1179 2924 ad·

131 2964 253 3050 datur,
270 2963 335 3034 fiet
354 2961 519 3035 defectus
537 2965 666 3057 major,
696 2975 874 3036 ettamen
894 2965 988 3037 ratio
1006 2965 1106 3037 facta
1122 2973 1178 3037 est

130 3077 273 3155 minor;
300 3099 345 3147 ex
370 3099 442 3170 quo
460 3076 696 3149 manifestum
715 3078 887 3172 estquod
906 3076 1041 3167 dixisti,
1060 3077 1178 3150 ratio-

130 3215 211 3263 nem
243 3189 412 3286 defectus
442 3212 523 3260 ecce
554 3189 736 3286 dffectum
761 3189 944 3272 rumonim·
968 3200 1012 3262 ut
1039 3191 1101 3284 qui
1128 3213 1179 3261 aes

130 3304 292 3377 alienum
310 3302 375 3375 aeri
389 3301 493 3375 addit
506 3302 638 3391 alieno,
657 3313 761 3374 tanto
774 3304 817 3376 fit
830 3303 1025 3400 pauperior
1040 3314 1179 3398 quanto

130 3417 214 3513 plus
231 3415 344 3488 habet
360 3416 442 3487 aeris
460 3415 582 3487 alieni.

181 3528 229 3602 A.
258 3529 375 3601 Recte
399 3528 512 3623 capis.
566 3528 763 3601 Sciendum
782 3541 961 3625 praeterea
985 3540 1053 3617 est,
1076 3552 1180 3623 mag-

132 3643 321 3718 nitudines
348 3642 545 3731 rationum,
574 3655 651 3715 tam
675 3641 842 3737 defectm
860 3667 970 3738 quam
993 3664 1180 3728 excessua,

132 3755 373 3830 determinari
390 3779 456 3851 per
478 3755 771 3850 magnitudinem
795 3754 1046 3850 dr'ffiremim
1070 3753 1180 3849 idque

134 3869 343 3966 dupliciter.
396 3868 523 3941 Potest
540 3869 639 3941 enim
655 3868 863 3941 differentia
881 3868 1105 3942 considerari
1122 3867 1180 3940 vel

133 3982 316 4070 obsolute,
335 3992 379 4053 ut
397 4004 480 4052 cum
499 3979 655 4054 dicimus
673 3980 919 4075 comparando
945 3990 968 4053 6
988 3993 1025 4054 et
1043 3990 1078 4070 3,
1104 4005 1182 4053 ma-

129 4098 249 4192 jorem
268 4116 349 4167 esse
372 4101 395 4164 6
416 4117 525 4189 quam
544 4104 566 4167 3
586 4094 706 4167 tribus
724 4093 951 4178 unitatibus;
978 4119 1061 4190 quae
1079 4093 1182 4167 diffe-

133 4210 254 4282 rentia
271 4219 330 4280 est
347 4230 521 4279 numerus
544 4207 757 4279 absolutus:
783 4206 841 4278 vel
858 4208 1120 4303 comparative,
1139 4220 1183 4281 ut

132 4347 217 4396 cum
248 4322 408 4397 dicimus
437 4321 616 4414 majorem
644 4343 723 4393 esse
750 4328 773 4391 6
801 4343 910 4414 quam
936 4330 959 4394 3
989 4323 1045 4395 sui
1070 4322 1183 4419 ipsius
