2946 5010
355 459 669 514 uernuuuurcn
690 460 934 515 nonrnnun.
1117 449 1161 516 ll

123 650 195 726 que
210 649 292 701 esse
309 650 447 720 veram,
470 652 594 702 nonne
612 630 720 703 simul
737 628 965 703 demonstrat
980 637 1060 702 tum
1078 653 1166 703 con·
1205 658 1356 701 »innocus

122 741 274 816 troriam
291 752 373 814 tum
389 742 715 817 contradictoriam
731 745 811 839 ejus
827 767 908 818 esse
923 743 1082 818 salsam?
1206 740 1349 845 „jd

172 851 220 928 B.
246 854 399 952 Absque
416 854 541 930 dubio.

173 963 221 1040 A.
248 967 290 1040 Si
305 966 420 1063 igitur
435 970 640 1067 propositio
663 968 743 1065 ipsa
759 968 1014 1042 demonstrata
1037 968 1086 1042 sit
1102 991 1170 1066 per

123 1079 478 1155 demonstrationem
495 1100 544 1154 ros
558 1093 634 1168 tun,
654 1081 766 1156 etiam
776 1082 1065 1156 contradictoria
1077 1085 1168 1179 ejus,

122 1216 170 1266 eo
185 1191 267 1289 ipso
284 1192 385 1289 quod
401 1193 647 1269 contradictio
671 1194 871 1290 detegitur,
896 1194 1169 1270 demonstratur

122 1329 192 1404 per
208 1305 559 1381 demonstrationem
575 1325 627 1379 ror
639 1319 716 1382 aaa

174 1416 224 1494 B.
249 1417 309 1493 lta
324 1440 469 1493 censeo.

177 1533 229 1607 Α.
255 1529 428 1606 Secundo
457 1530 734 1608 demonstrandi
766 1536 870 1609 ratio
898 1543 957 1608 ert
985 1535 1170 1609 osterreioo

124 1667 176 1718 roo
189 1659 250 1730 ειη
273 1655 315 1718 ut
326 1644 363 1718 ri
373 1656 483 1720 recta
495 1647 566 1721 Ac
578 1647 899 1723 demonstraretur
911 1648 1066 1747 cequahs
1087 1672 1171 1722 erre

124 1771 240 1836 recte
265 1761 346 1853 BC,
373 1763 548 1862 quoniam
573 1774 733 1862 utraque
768 1764 1170 1862 demorrrlrotosucrat

126 1873 279 1972 equalis
295 1875 373 1974 ipsi
389 1876 484 1962 ΑΒ;
511 1902 592 1974 quoe
608 1887 731 1951 autern
753 1888 838 1951 sunt
861 1877 980 1951 eidem
996 1878 1169 1975 reptalio,

126 1988 600 2084 mtetaequaltatnterse.
653 1991 798 2087 Estque
808 1990 889 2063 lraec
899 1988 1170 2063 demonstratio

126 2100 270 2198 quidem
279 2102 465 2175 celeusma
474 2117 523 2174 roo
538 2116 589 2183 tn,
599 2113 797 2176 nouantem
806 2120 854 2175 roo
863 2101 1057 2175 tarro—Dic
1067 2101 1169 2191 mihi,

126 2213 254 2288 sinc
276 2213 594 2289 demonstraretur
623 2216 773 2313 aequalis
803 2237 882 2289 esse
903 2216 982 2304 BC,
1009 2238 1057 2287 an
1086 2214 1170 2288 ideo

127 2337 226 2401 esset
243 2325 537 2400 demonstratio?

179 2436 228 2512 B.
253 2438 398 2513 Videris
414 2439 504 2513 mihi
519 2462 684 2536 quaerere
701 2464 749 2514 an
762 2438 1027 2514 demonstratio
1044 2438 1093 2513 sit
1109 2438 1171 2512 deu

127 2551 360 2628 monstratio.

180 2666 231 2741 A.
259 2666 298 2738 Si
315 2665 583 2740 demonstratio
600 2678 668 2756 est,
686 2667 889 2742 scientifica
905 2677 974 2740 est.

180 2779 231 2852 B.
258 2777 384 2852 Recte.

182 2892 232 2965 Α.
260 2891 319 2964 An
335 2890 420 2981 AC,
439 2890 508 2965 Bc
525 2891 612 2966 sciri
634 2902 788 2988 possunt
804 2892 964 2989 aequales
981 2915 1060 2966 esse
1076 2892 1173 2967 inter

130 3026 182 3093 se,
199 3002 273 3076 nisi
286 3002 445 3075 sciamus
456 3002 558 3099 prius
575 3015 770 3100 utramque
786 3004 966 3101 aequalem
980 3028 1061 3079 esse
1075 3003 1146 3076 AB
1160 3005 1172 3076 l

183 3114 233 3189 B.
260 3115 426 3206 Minime,
444 3138 564 3214 neque
580 3116 619 3190 id
636 3117 727 3190 dicit
742 3116 941 3192 Wallisius.

182 3229 234 3302 Α.
261 3228 301 3301 Si
324 3228 410 3302 sciri
433 3253 509 3303 non
533 3242 657 3327 potest
674 3230 745 3304 Ac
761 3241 799 3305 et
816 3230 883 3305 Bc
906 3255 987 3305 esse
1008 3231 1107 3304 inter
1135 3254 1174 3304 se

132 3341 304 3438 aequales,
321 3354 520 3439 antequam
534 3343 691 3418 sciamus
702 3355 897 3440 utramque
910 3368 1037 3418 earum
1054 3366 1176 3439 aequa·

132 3454 207 3529 lem
223 3478 303 3530 esee
319 3454 415 3540 AB3
441 3478 561 3552 neque
577 3468 701 3554 potest
718 3456 962 3530 demonstrari
983 3456 1075 3531 illud
1097 3455 1175 3528 sine

133 3567 450 3643 demonstratione
466 3571 587 3666 hujus.

185 3679 235 3754 B.
260 3681 400 3754 Verum
417 3691 485 3755 est.

184 3793 235 3867 A.
261 3794 329 3868 Est
340 3817 431 3890 ergo
442 3793 707 3868 demonstratio
720 3795 843 3891 hujus,
854 3817 939 3890 pars
952 3792 1175 3866 demonstra·

133 3911 245 3985 tionis
262 3911 371 3986 illius.

186 4024 237 4099 B.
263 4023 381 4099 Video
395 4049 467 4122 quo
481 4025 614 4116 tendis,
628 4024 814 4112 nimirum,
828 4023 876 4097 ad
888 4022 927 4095 id
940 4022 1039 4119 quod
1051 4023 1177 4099 dixisti

134 4139 245 4236 paulo
268 4149 356 4212 ante
379 4138 419 4212 in
440 4138 763 4213 demonstrationis
786 4136 1010 4228 definitione,
1033 4162 1177 4236 nempe,

134 4276 214 4327 esse
242 4275 326 4326 eam
349 4251 643 4348 syllogismorum
668 4251 810 4340 seriem,
838 4251 942 4345 cujus
959 4250 1178 4347 principium

133 4366 247 4440 estin
267 4364 497 4455 definitione,
524 4378 563 4439 et
589 4365 672 4440 finis
701 4365 739 4438 in
768 4362 1001 4438 conclusione
1026 4364 1177 4445 ultima;
