2946 5010
474 429 811 483 cnounruunuu.
1084 416 1158 481 445

122 595 297 696 angulum
312 595 541 670 rectilineum
558 604 702 670 acutum
719 594 894 668 minorem
906 592 1044 693 ungulo
1056 594 1162 668 cemi-
1199 622 1268 663 cur.
1278 620 1344 661 xrx.

122 708 256 783 circuli
267 737 280 792 ,·
315 719 357 782 ot
391 734 476 783 oero
510 734 589 782 cum
616 710 693 796 ΑΕ,
723 707 899 807 angulum
932 707 1162 781 rectilineum
1175 689 1344 807 Ρωῖωἷ

122 833 266 897 acutum
298 825 473 919 mojorem
503 821 641 921 uugulo
666 821 956 919 contingentur:
990 845 1070 894 cum
1098 820 1163 894 ille
1174 815 1345 931 ffl‘ffi

123 936 175 1008 cit
197 959 299 1035 pars
316 935 449 1034 auguli
474 933 706 1023 semicirculi,
723 933 785 1007 iric
809 958 895 1008 uero
919 943 1032 1008 totum
1055 935 1164 1033 quid

120 1049 231 1147 pium
264 1059 436 1147 respectu
466 1047 600 1147 auguli
634 1047 907 1146 coutiugeutice.
984 1047 1039 1122 ld
1070 1047 1168 1146 qumd

126 1160 270 1258 liquido
300 1171 457 1250 constat,
483 1161 594 1234 ducto
618 1168 724 1234 rectu
750 1161 830 1250 AB,
850 1161 1166 1260 quomodocunque

126 1275 230 1372 irffro
247 1277 323 1350 ΑΕ.
366 1273 466 1350 Nom
484 1300 564 1348 cum
580 1275 661 1348 lraec
677 1272 776 1347 lineo
790 1274 855 1347 AB
874 1275 976 1348 iutro
992 1273 1166 1349 circulum

126 1389 250 1476 cudat,
270 1398 311 1461 ut
340 1388 628 1461 demonstratum
651 1394 721 1476 est,
747 1387 823 1460 erit
846 1386 1008 1486 ungulus
1024 1387 1166 1462 rectili-

127 1526 217 1574 neus
230 1511 361 1574 ocutus
372 1501 468 1574 CAB
481 1501 599 1574 minor
611 1499 751 1599 ungulo
763 1499 989 1574 semicirculi
1001 1509 1167 1574 couteuto

129 1614 198 1688 sul
216 1614 399 1687 diametro
416 1614 481 1687 Ac
498 1624 535 1687 et
558 1613 859 1711 circumferentia
876 1614 985 1704 ABG,
1004 1638 1083 1688 cum
1101 1613 1169 1688 illc

131 1728 241 1824 liujus
257 1727 309 1799 sit
329 1751 442 1824 poro.
494 1725 670 1825 Angelus
687 1749 773 1798 uero
796 1724 1066 1824 coutiugmtioe,
1084 1749 1168 1798 corr-

131 1850 252 1915 teutus
286 1839 353 1913 cul
383 1848 561 1938 turgente
579 1838 678 1911 lineo
707 1838 772 1911 AE
799 1846 836 1911 et
870 1838 1169 1935 circumferentia

130 1953 240 2041 ΑΒΘ,
267 1952 385 2025 ruiuor
412 1950 551 2051 ungulo
579 1950 770 2026 rectilineo
800 1961 909 2025 acuto
932 1951 1041 2040 ΒΑΕ,
1072 1951 1173 2050 quod

131 2065 197 2139 ille
213 2066 322 2161 liujus
340 2089 440 2164 porc
458 2065 520 2138 sit.

182 2182 347 2255 Assumit
363 2182 424 2255 hio
440 2181 611 2255 Euclides
632 2182 808 2278 angulum
827 2183 1056 2256 rectilineum
1074 2181 1171 2256 CAB

131 2308 275 2392 partem
292 2318 372 2368 esse
397 2294 522 2391 anguli
550 2294 781 2383 semicirculi,
799 2294 839 2368 id
856 2308 925 2385 est,
943 2296 1066 2392 anguli
1083 2295 1173 2370 facti

133 2419 281 2481 arecta
304 2408 367 2481 CA
394 2419 432 2481 et
461 2406 758 2481 circumferentia
774 2409 864 2482 AB:
889 2409 978 2482 item
997 2409 1173 2506 angulum

134 2520 399 2618 contingentiae
428 2531 573 2617 partem
599 2544 678 2594 esse
706 2520 832 2617 anguli
857 2522 1037 2596 rectilinei
1062 2521 1172 2595 ΕΑΒ.

137 2634 211 2708 Sed
242 2659 286 2707 ex
321 2658 365 2707 eo
392 2634 586 2708 manifeste
617 2634 793 2731 sequitur,
820 2647 978 2730 quatuor
1006 2633 1173 2732 angulos,

135 2773 279 2846 nempe,
289 2747 517 2822 rectilineum
544 2748 653 2838 CAB,
666 2749 843 2845 angulum
860 2748 1091 2833 semicirculi,
1108 2772 1176 2822 au-

135 2864 262 2960 gulum
287 2862 563 2959 contingentiae,
595 2875 633 2936 et
663 2863 838 2960 angulum
869 2876 1010 2937 rectum
1037 2863 1176 2936 rectili-

136 3002 259 3065 neum,
277 3000 355 3050 esse
373 2977 538 3073 ejusdem
554 2977 710 3073 generis,
737 2976 833 3050 sicut
848 2988 972 3073 partes
989 2988 1026 3050 et
1041 2987 1172 3049 totum.

138 3088 189 3161 Et
222 3112 288 3184 per
323 3112 549 3185 consequeus
583 3088 758 3184 angulum
790 3089 1053 3185 contingentiae
1095 3088 1177 3183 (per

139 3201 221 3273 Def.
239 3211 272 3289 5,
291 3201 405 3273 Elem.
419 3202 459 3293 v)
479 3201 773 3296 multiplicatum,
799 3223 905 3296 posse
923 3223 1095 3296 superare
1111 3224 1178 3273 an-

141 3313 267 3409 gulum
294 3326 435 3386 rectum
460 3313 700 3386 rectilineum.
752 3312 989 3386 Manifestum
1007 3313 1104 3385 enim
1122 3324 1178 3385 est

140 3436 283 3522 partem
310 3425 544 3519 multiplicari
567 3448 685 3521 posse,
704 3425 822 3498 donec
849 3449 957 3499 suum
978 3436 1099 3498 totum
1117 3448 1179 3498 su-

139 3549 254 3635 peret.
308 3536 538 3611 Contradicit
554 3561 643 3633 ergo
663 3537 834 3611 Euclides
859 3537 946 3610 huic
975 3537 1180 3610 definitioni

142 3676 217 3726 suae
245 3650 383 3748 quintae
410 3651 591 3724 Elementi
615 3651 745 3747 quinti.
799 3650 892 3725 Cum
915 3674 1003 3747 ergo
1024 3650 1180 3747 angulus

142 3777 335 3839 contactus
348 3775 387 3837 et
400 3764 555 3860 angulus
568 3763 779 3837 rectilineus
797 3764 871 3837 sint
884 3763 1018 3838 diversi
1035 3762 1181 3860 generis

143 3877 373 3974 quantitatis,
390 3877 442 3950 ita
458 3888 499 3950 ut
516 3877 633 3950 altera
649 3877 802 3951 alteram
820 3877 1060 3974 multiplicata
1074 3899 1181 3972 supe-

144 4014 225 4065 rare
247 4015 322 4063 non
347 3991 475 4086 possit,
497 3991 556 4082 (ut
572 3990 650 4086 ipse
669 3990 816 4063 Cluvius
835 3990 1099 4082 demonstrat):
1116 4013 1182 4062 an-

144 4104 251 4201 gulus
270 4103 531 4200 contingentiae
554 4104 699 4177 ablatus
716 4103 808 4177 nihil
826 4104 966 4177 auferet
983 4104 1029 4176 ab
1048 4103 1182 4199 augido

146 4228 248 4290 recto
266 4216 466 4305 rectilineo,
482 4240 557 4289 nou
575 4216 691 4314 magis
714 4240 823 4314 quam
849 4217 947 4290 linea
972 4217 1096 4291 ablata
1119 4217 1181 4290 uli·

146 4330 236 4428 quid
268 4329 388 4405 aufert
414 4353 437 4405 a
466 4329 644 4427 quadrato
672 4341 738 4406 aut
767 4331 977 4429 superficies
1006 4355 1029 4407 a
1053 4329 1182 4405 solido.
