2946 5010
273 415 347 494 272
499 429 504 439 ·
593 434 647 485 nn
668 434 839 487 nonunt
857 433 994 486 Annis.

276 622 351 671 una
374 621 458 670 cum
481 622 643 693 appenso
663 597 826 695 pondere
844 597 1043 672 ascendere
1059 619 1176 692 usque
1193 594 1240 668 ad
1259 619 1319 690 cy·

274 711 385 783 lindri
402 712 663 785 summitatem.
689 712 772 784 lam
791 712 821 785 si
839 712 941 786 locus
958 735 980 783 a
997 723 1158 783 retracto
1171 719 1340 782 suctore·

273 823 424 897 relictus
437 849 573 898 vacuus
590 836 682 913 erat,
700 826 884 922 quomodo
901 849 1057 898 vacuum
1075 822 1178 910 illud,
1195 821 1234 894 id
1247 834 1317 910 est,

272 936 365 1009 illud
390 937 495 1027 nihil,
521 937 667 1034 pondus
698 938 847 1011 omnino
877 937 1024 1010 trahere
1051 933 1199 1032 potuit?
1252 934 1317 1007 Sin

273 1050 376 1123 locus
390 1049 451 1122 ille
462 1073 546 1122 aere
559 1060 639 1122 crat
651 1051 793 1147 plenuS,
808 1051 941 1147 quibus
954 1049 1104 1121 funibus
1118 1047 1316 1135 attrahere,

272 1163 406 1258 quibus
428 1163 532 1235 uncis
556 1186 730 1259 prensare
756 1165 877 1260 potuit
902 1163 1114 1237 auctorem?
1168 1163 1318 1236 Quanta

272 1274 329 1348 vis
346 1275 410 1348 illa
433 1276 583 1349 clastion
610 1277 704 1350 aeris
733 1278 878 1350 externi
908 1288 1000 1364 erat,
1026 1300 1098 1372 qua
1122 1274 1317 1371 plusquam

273 1401 422 1462 centum
437 1390 613 1463 librarum
629 1391 773 1486 pondus
789 1414 935 1463 rursum
953 1391 991 1463 in
1018 1388 1183 1486 cylindro
1200 1410 1316 1474 aeneo,

272 1518 312 1580 et
328 1506 466 1580 suctori
483 1531 549 1604 per
566 1508 690 1580 omnia
707 1521 847 1603 puncta
864 1508 1052 1604 contigu0,
1071 1518 1242 1579 coactum
1260 1518 1317 1578 est

272 1620 498 1694 ascendere?
559 1621 713 1693 Haereut
741 1621 802 1694 hic
829 1622 957 1695 nostri.
1011 1620 1208 1695 Quomodo
1235 1619 1317 1692 haec

273 1733 445 1829 expedies
462 1732 529 1805 tu?

323 1847 373 1920 Α.
400 1847 580 1943 Expedivi
598 1859 695 1921 ante.
748 1848 823 1920 Aer
841 1848 938 1921 enim
951 1873 974 1921 a
988 1847 1209 1921 retractione
1234 1869 1316 1918 suc-

273 1961 364 2033 toris
382 1973 482 2033 retro
498 1960 635 2056 pulsus,
654 1984 722 2034 neo
748 1960 870 2034 locum
899 1963 936 2033 in
954 1963 1092 2035 mundo
1109 1961 1165 2051 (ut
1182 1984 1316 2056 suppo-

272 2073 394 2147 nimus
417 2074 540 2169 pleno)
558 2099 631 2170 quo
657 2098 696 2147 se
725 2075 880 2170 recipiat
896 2074 1098 2162 inveniens,
1117 2073 1188 2145 nisi
1206 2097 1316 2168 quem

271 2187 362 2284 ipse,
381 2210 537 2283 corpora
554 2187 729 2282 contigua
745 2187 819 2259 suis
837 2187 926 2260 locis
948 2186 1099 2282 pellens,
1118 2186 1188 2258 sibi
1217 2187 1315 2259 face-

271 2313 342 2387 ret,
359 2313 539 2396 pcrpetua
555 2300 721 2397 pulsione
739 2301 775 2373 in
791 2300 996 2397 cylindrum
1007 2300 1156 2373 tandem
1170 2301 1316 2395 cogitur

272 2424 377 2486 tanta
389 2413 584 2485 velocitate
601 2414 700 2486 inter
717 2414 873 2509 cylindri
887 2437 1085 2487 concavam
1099 2426 1136 2486 et
1158 2413 1315 2486 suctoris

273 2550 473 2600 convexam
485 2527 726 2621 superficiem,
742 2539 881 2621 quanta
891 2526 1112 2622 respondere
1126 2527 1218 2598 solet
1229 2528 1314 2599 viri-

272 2639 340 2711 bus
375 2639 444 2710 illis
479 2640 621 2733 maguis
656 2665 746 2735 quas
780 2642 827 2713 ad
853 2656 1036 2713 suctorem
1066 2640 1314 2713 revellendum

272 2752 496 2823 necessarias
510 2754 650 2846 experti
669 2754 767 2825 estis.
819 2756 893 2825 Aer
911 2766 1033 2825 autem
1052 2754 1112 2825 ille
1130 2778 1203 2847 qua
1216 2754 1315 2825 velo-

273 2865 384 2936 citate
402 2865 617 2957 ingreditur,
637 2866 789 2937 eandem
813 2867 997 2961 ingressus
1025 2867 1171 2948 retinet,
1190 2867 1313 2938 simul-

273 3002 344 3074 que
361 2977 476 3050 latera
494 2979 648 3073 cylindri
672 2981 777 3068 aenei,
795 2980 830 3050 vi
857 2979 1007 3052 elastica
1031 2980 1188 3076 praediti,
1208 2982 1314 3052 undi-

273 3116 416 3187 quaque
447 3093 608 3164 distinet.
661 3091 825 3164 Conatur
856 3117 944 3188 ergo
976 3116 1050 3180 aer,
1080 3093 1117 3164 in
1146 3094 1313 3188 cylindro

271 3204 507 3278 vehementer
524 3217 658 3295 motuS,
673 3220 802 3278 contra
817 3231 943 3279 omnes
967 3221 1090 3302 partes
1108 3208 1313 3302 superficiei

271 3319 429 3414 cylindri
442 3344 633 3392 concavae:
652 3321 787 3393 frustra
798 3321 945 3416 quidem
957 3321 1044 3393 dum
1059 3335 1183 3392 suctor
1197 3334 1314 3392 retra-

271 3432 402 3523 hitur;
428 3434 493 3505 sed
524 3459 633 3529 quam
669 3434 828 3528 primum
863 3447 988 3506 suctor
1021 3458 1131 3506 manu
1163 3436 1313 3506 emissus

270 3570 392 3618 aerem
410 3548 597 3642 impellere
627 3562 757 3635 cessat,
772 3572 835 3620 aer
861 3548 923 3619 ille
949 3549 1120 3642 quiante
1148 3549 1313 3620 incussus

270 3673 362 3747 erat,
377 3673 528 3754 propter
545 3671 718 3731 conatum
737 3660 775 3731 in
793 3685 901 3732 omne
916 3675 1094 3756 punctum
1109 3661 1314 3756 superficiei

270 3772 426 3867 cylindri
437 3773 592 3845 internae
610 3785 649 3844 et
665 3772 739 3844 vim
753 3773 834 3845 aeris
853 3772 1039 3844 elasticam
1056 3774 1256 3845 insinuabit
1274 3798 1312 3845 se

270 3884 367 3955 inter
385 3886 532 3957 easdem
550 3887 759 3980 superficies
778 3886 904 3957 eadem
925 3886 1118 3959 velocitate
1147 3912 1220 3982 qua
1246 3888 1314 3957 im-

270 3996 395 4091 pulsus
413 3998 543 4087 fuerat,
570 3998 608 4070 id
630 4011 697 4086 est,
717 4023 760 4069 ea
776 3999 970 4070 velocitate
1002 4024 1084 4095 quae
1116 4000 1314 4095 respondet

269 4110 407 4182 viribus
442 4113 679 4208 impulsionis
739 4113 777 4184 si
812 4137 900 4207 ergo
932 4125 1035 4184 tanta
1062 4115 1235 4208 ponderis
1258 4114 1313 4184 vis

271 4225 409 4294 suctori
428 4226 658 4320 appendatur
683 4236 821 4318 quanta
852 4250 1026 4298 manuum
1054 4229 1110 4298 vis
1140 4239 1315 4321 eratque

270 4336 539 4431 impellebatur,
551 4337 726 4411 velocitas
740 4362 812 4435 qua
830 4338 927 4411 idem
938 4364 1001 4412 aer
1012 4364 1032 4412 e
1044 4340 1208 4435 cylindro
1225 4341 1312 4424 exit,
