2946 5010
287 386 360 467 276
601 399 655 452 nu
676 398 846 452 uxrunx
864 397 1000 450 xnnrs.

285 569 454 642 lanorum
472 564 626 662 hydriis
645 586 801 661 superne
820 562 951 637 clausis
969 576 1007 637 et
1024 564 1160 637 crebris
1177 564 1328 637 forami-

285 683 394 757 nibus
411 679 551 753 inferne
573 678 745 775 pertusiS,
763 701 858 773 aqua
884 701 958 749 non
975 677 1178 752 descendit.
1230 679 1328 750 Nam

284 796 385 883 talia,
402 793 586 888 inquiunt,
605 803 823 886 argumenta
844 790 916 862 huc
937 803 1079 864 tantum
1097 792 1267 881 tendunt,
1286 808 1330 865 ut

285 908 408 982 nullus
426 904 534 978 detur
548 905 650 977 locus
669 905 708 977 in
726 904 936 999 regionibus
948 905 1005 978 bis
1019 906 1251 979 inferioribus
1266 907 1329 1003 qui

286 1043 363 1094 non
382 1018 432 1092 sit
449 1028 515 1090 aut
531 1040 685 1112 corpore
703 1015 837 1089 visibili
855 1027 920 1088 aut
936 1040 1020 1090 aere
1037 1019 1210 1115 repletus.

336 1130 384 1204 A.
412 1130 531 1203 Nemo
559 1141 620 1201 est
643 1151 769 1199 eorum
797 1150 887 1222 quos
915 1127 1103 1226 plerdstus
1128 1154 1246 1220 vocas,
1266 1129 1331 1226 qui

288 1267 445 1319 vacuum
463 1241 570 1314 aliter
586 1240 760 1336 iutelligit
775 1264 883 1335 quam
902 1265 969 1336 pro
987 1242 1067 1316 loco
1081 1244 1119 1315 in
1137 1267 1210 1339 quo
1229 1242 1331 1315 nulla

289 1357 440 1432 omuino
472 1354 678 1428 substantia
707 1365 764 1426 est
795 1376 981 1450 corporea.
1034 1356 1183 1452 Siquis
1213 1355 1331 1452 negli-

288 1470 435 1568 gentius
461 1467 635 1563 loquutus
663 1465 809 1551 dixerit,
839 1467 878 1539 in
908 1492 979 1565 quo
1009 1494 1079 1541 non
1111 1469 1162 1543 ait
1197 1493 1331 1566 corpus

289 1582 434 1659 visibile
450 1579 507 1654 oel
522 1604 602 1670 aer,
621 1580 703 1652 ideo
727 1580 830 1668 dixit,
858 1581 944 1676 qnia
968 1606 1034 1677 per
1060 1606 1181 1655 aerem
1210 1592 1330 1655 totum

290 1696 382 1773 illud
398 1694 579 1768 intellexit
599 1716 743 1788 corpuS,
759 1693 858 1788 quod
874 1705 1009 1789 praeter
1025 1708 1161 1767 terram
1180 1705 1217 1767 et
1232 1708 1332 1767 astra

292 1808 474 1904 reliquum
505 1807 664 1903 spatium
695 1829 802 1878 omne
826 1806 997 1902 complet.
1061 1808 1147 1881 Illos
1173 1809 1236 1904 qui
1259 1809 1331 1880 boc

291 1933 442 2018 negant,
470 1944 546 1994 non
568 1920 723 1992 aliorum
752 1920 952 1993 sententias
982 1921 1141 1995 arbitror
1167 1920 1332 1995 animad-

291 2035 456 2123 vertisse,
481 2033 639 2128 propriis
666 2032 842 2105 intentos.
895 2032 969 2106 (lui
990 2056 1056 2130 per
1082 2033 1242 2107 fistulam
1268 2057 1333 2107 ore

292 2171 426 2243 aquam
444 2146 556 2242 sugit,
573 2169 695 2220 aerem
714 2143 875 2216 medium
895 2145 996 2240 prins
1019 2147 1129 2242 sugit,
1157 2171 1230 2242 quo
1258 2147 1333 2221 dis-

293 2270 418 2335 tentus
452 2282 574 2331 aerem
609 2270 803 2332 externum
832 2271 1022 2333 removet:
1062 2260 1123 2356 qui
1158 2273 1332 2349 remotus

292 2374 415 2465 locum
436 2372 488 2466 (in
499 2371 623 2467 pleno)
644 2371 780 2443 habere
798 2371 868 2444 nisi
884 2373 1091 2468 proximum
1109 2375 1333 2447 removendo

294 2509 369 2558 non
389 2497 530 2580 potest:
558 2495 595 2555 et
613 2484 665 2555 sic
683 2484 859 2556 continua
884 2486 1048 2581 pulsione
1071 2512 1167 2583 aqua
1183 2487 1334 2561 tandem

294 2597 443 2692 pellitur
461 2597 497 2668 in
523 2597 694 2682 fistulam,
714 2597 948 2695 succeditque
967 2602 1041 2674 aeri
1068 2602 1129 2697 qui
1150 2601 1333 2697 exugitur.

296 2710 339 2781 ln
357 2708 496 2804 hydriis
513 2723 636 2780 autem
655 2709 848 2804 perforatis
869 2712 951 2784 ideo
971 2714 1086 2787 haeret
1113 2740 1218 2809 aqua,
1249 2717 1335 2810 quia

296 2845 378 2916 quae
407 2845 471 2915 per
502 2822 685 2893 tantillum
713 2823 877 2896 foramen
906 2827 1055 2899 exiturit
1081 2829 1173 2900 adeo
1204 2830 1336 2924 exigua

296 2946 363 3018 est,
376 2949 418 3004 ut
433 2957 505 3004 non
524 2934 639 3029 possit
656 2934 708 3006 ita
724 2935 761 3007 in
780 2936 1046 3030 longitudinem
1065 2965 1102 3012 se
1118 2941 1334 3031 diffundere,

295 3059 340 3117 ut
357 3045 611 3117 descendendo
630 3046 771 3118 aditum
792 3050 867 3120 aeri
891 3048 1001 3123 faciat
1024 3076 1089 3146 per
1114 3053 1336 3126 foraminum

297 3158 630 3243 circumferentias;
658 3185 776 3255 neque
794 3186 856 3233 aer
871 3164 916 3235 ab
936 3178 1090 3239 exeunte
1103 3192 1197 3262 aqua
1210 3169 1336 3262 pulsus

296 3270 418 3344 locum
436 3272 547 3343 alium
569 3274 621 3366 (in
642 3274 778 3346 mundo
797 3275 921 3370 pleno)
938 3278 1072 3351 habere
1090 3292 1222 3374 potest,
1241 3305 1337 3376 prae-

296 3395 464 3478 terquam
482 3410 590 3481 quem
608 3412 702 3482 aqua
720 3388 874 3462 deseret.
937 3391 1047 3464 Vides
1075 3418 1162 3488 ergo
1188 3419 1336 3468 causam

296 3498 501 3571 naturalem
519 3511 597 3571 tum
615 3501 837 3574 ascensionis
854 3528 959 3599 aquae
981 3506 1017 3576 in
1037 3506 1158 3578 fistula
1175 3532 1240 3602 per
1258 3533 1336 3581 sue-

297 3610 447 3699 tionem,
463 3625 542 3684 tum
559 3614 899 3690 non-descensionis
913 3642 978 3713 per
993 3619 1173 3693 foramina
1184 3622 1336 3716 hydriae.

296 3723 408 3796 Vides
432 3727 542 3798 etiam
569 3753 677 3823 quam
706 3730 872 3825 ineptum
902 3733 948 3804 sit
978 3733 1025 3804 ad
1056 3735 1337 3829 explicationem

297 3837 492 3910 effectuum
510 3840 638 3913 talium
663 3842 843 3916 advocare
869 3847 979 3918 verba
1005 3848 1265 3943 metaphorica,
1295 3863 1339 3923 ut

281 3947 427 4045 fugam
453 3953 568 4040 coorti,
595 3954 785 4027 horrorem
807 3968 960 4047 craturae,
980 3969 1071 4031 etc:
1099 3962 1230 4056 quibus
1249 3963 1338 4035 olim

297 4062 345 4133 ad
359 4064 665 4139 existimationem
684 4093 786 4141 suam
801 4071 974 4143 tuendam
992 4096 1067 4146 usae
1085 4087 1171 4147 sunt
1189 4076 1337 4151 scholae.

350 4173 398 4246 B.
427 4177 696 4250 Phaenomenon
722 4183 869 4276 quidem
900 4185 999 4257 circa
1027 4211 1182 4258 vacuum
1209 4212 1339 4262 causas

297 4298 397 4357 recte
424 4313 445 4359 a
474 4303 510 4361 te
539 4292 742 4385 assignatas
772 4320 848 4367 esse
879 4298 999 4370 cred0.
1068 4300 1179 4373 Quod
1212 4313 1339 4374 autem

296 4400 479 4473 neminem
501 4427 578 4476 esse
597 4405 697 4478 dicas
715 4408 777 4501 qui
802 4433 866 4504 per
886 4436 1039 4483 vacuum
1057 4413 1237 4486 intellexit
1255 4439 1340 4488 cor-
