2946 5010
568 431 621 481 on
642 429 813 483 unrurm
832 429 969 483 nurus.
1183 420 1186 425 ⁴
1213 418 1288 484 295

247 594 350 671 emus
376 595 631 672 arithmeticus
649 622 733 670 cum
757 624 781 672 a
802 598 1028 694 geometrico
1046 597 1203 686 differat,
1221 621 1290 671 our

245 707 431 783 tantillum
459 709 594 799 differt,
623 710 808 800 nimirum,
834 723 972 808 quanta
998 722 1056 784 est
1083 710 1290 785 differentia

244 820 481 896 interutosl
504 825 713 898 melosa?

295 935 345 1008 A.
374 935 473 1010 Quia
489 935 553 1032 qui
578 936 694 1010 lineas
719 937 971 1012 consideratas
993 938 1072 1011 sine
1093 936 1289 1013 latitudine

244 1047 478 1143 multiplicat,
496 1072 571 1122 non
588 1049 677 1123 facit
699 1051 863 1146 planum,
882 1052 947 1124 sed
976 1074 1172 1130 numerum
1198 1050 1290 1125 line·

242 1184 359 1234 arum.
412 1162 465 1234 At
481 1162 542 1235 ille
559 1164 622 1260 qui
639 1164 925 1238 lineamrectam
943 1164 981 1236 in
995 1164 1130 1238 lineam
1147 1174 1287 1239 rectum

243 1271 357 1361 ducit,
370 1296 565 1348 numerum
584 1275 763 1349 linearum
781 1276 968 1365 nonfacit,
979 1274 1045 1348 sed
1060 1275 1288 1371 superficiem

244 1385 403 1481 planam.
443 1387 534 1461 Inde
551 1388 650 1461 enim
663 1388 870 1462 necessario
889 1387 1035 1476 accidit,
1054 1388 1148 1461 utin
1165 1388 1289 1461 lateri-

242 1500 312 1573 bus
336 1501 543 1596 planorum,
560 1514 697 1598 puncta
725 1527 807 1599 quae
835 1501 988 1576 suntin
1016 1500 1161 1596 angulis
1188 1525 1288 1576 com-

242 1613 367 1686 munia
402 1613 558 1687 duarum
592 1627 777 1689 rectarum
808 1615 865 1686 bis
896 1624 1149 1702 numerentur,
1178 1625 1217 1686 et
1249 1615 1289 1690 in

241 1724 417 1799 lateribus
435 1728 613 1801 cuborum
631 1740 699 1801 ter.

291 1838 341 1911 B.
369 1839 540 1936 Intelligo
568 1842 657 1937 jam,
675 1865 751 1914 nou
769 1840 879 1913 modo
897 1838 996 1936 quod
1013 1838 1221 1934 duplicatus
1240 1840 1288 1914 sit

241 1950 368 2039 cubus,
386 1952 481 2026 ratio
504 1955 694 2049 perimetri
721 1953 849 2026 circuli
877 1953 925 2025 ad
948 1951 1092 2026 radium
1124 1953 1287 2041 inventa,

241 2087 328 2137 vera
344 2065 480 2162 cyclois
498 2065 694 2162 descripta,
712 2077 881 2138 centrum
908 2064 1100 2161 gravitatis
1124 2064 1287 2138 semicir-

241 2178 315 2250 culi
348 2189 548 2274 repertum,
583 2179 739 2275 angulus
768 2179 807 2251 in
842 2178 928 2251 data
958 2178 1103 2251 ratione
1136 2177 1286 2265 divisus,

241 2291 347 2365 lineae
366 2293 548 2388 parabolae
564 2293 622 2365 vel
635 2294 882 2388 cujuscunque
900 2290 1146 2387 paraboloidis
1165 2314 1287 2364 curvae

242 2404 393 2499 aequalis
423 2404 574 2478 inventa
601 2417 727 2477 recta:
755 2403 821 2478 sed
850 2404 961 2477 etiam
995 2426 1061 2476 cur
1096 2415 1182 2476 ante
1215 2403 1287 2476 hoc

242 2529 387 2612 tempus
415 2517 574 2590 inventae
604 2541 678 2590 non
710 2530 807 2604 sunt,
831 2541 976 2612 nempe,
1008 2516 1107 2612 quod
1133 2516 1287 2613 perinde

243 2627 410 2701 habitum
436 2630 484 2702 sit
505 2630 749 2726 multiplicare
767 2653 825 2702 res
842 2653 909 2725 per
926 2653 1120 2703 numerum
1147 2629 1286 2725 simpli-

242 2741 345 2831 citer,
364 2752 402 2815 et
414 2766 480 2838 per
497 2765 691 2815 numerum
710 2766 833 2815 rerum
851 2742 1060 2815 earundem.

292 2855 341 2928 Α.
369 2855 408 2928 Si
426 2867 529 2928 recta
546 2856 591 2927 ai
605 2855 831 2952 producatur
849 2857 966 2929 donec
984 2867 1085 2929 secet
1110 2854 1285 2951 diagona-

241 2967 315 3039 lem
344 2969 428 3058 DB,
456 2981 547 3065 puta
574 2970 613 3042 in
637 2969 663 3059 l,
688 2969 759 3042 erit
782 2970 839 3043 Dl
867 2968 1071 3066 diagonalis
1105 2967 1285 3064 quadrati,

242 3081 346 3175 cujus
359 3081 454 3155 latus
471 3094 527 3154 est
544 3082 666 3155 media
682 3082 915 3155 arithmetica
932 3083 1028 3155 inter
1048 3081 1121 3154 DY
1139 3093 1176 3154 et
1194 3080 1284 3153 DX.

243 3192 286 3265 Id
320 3195 418 3267 enim
453 3196 618 3292 sequitur
651 3194 869 3283 necessario,
898 3195 928 3267 si
957 3192 1067 3267 modo
1097 3193 1181 3281 DY,
1208 3192 1284 3264 DX

241 3306 370 3380 mediae
388 3308 461 3380 sint
477 3308 770 3404 proportionales
787 3308 884 3380 inter
901 3308 974 3380 AD
993 3320 1032 3379 et
1049 3306 1133 3379 AV.

289 3419 338 3493 B.
366 3421 633 3494 Necessitatem
651 3419 751 3491 illam
769 3419 933 3492 nondum
951 3417 1129 3515 percipio.

290 3532 339 3606 A.
366 3533 448 3606 Nisi
461 3533 514 3606 ita
530 3557 609 3606 esse
621 3531 832 3605 meditando
850 3532 1013 3604 invenias
1030 3531 1119 3627 ipse,
1132 3527 1283 3600 demon-

240 3646 363 3718 strabo
383 3669 473 3741 ego;
500 3644 564 3718 sed
582 3645 654 3717 alio
672 3657 848 3739 tempore.

290 3757 337 3830 B.
365 3759 438 3831 Sed
472 3773 668 3856 antequam
700 3757 941 3843 discedamus,
968 3756 1027 3829 dic
1056 3754 1145 3827 mihi
1167 3777 1215 3825 un
1236 3778 1280 3826 ex

241 3869 311 3943 illis
346 3871 461 3944 literis
492 3872 535 3944 V.
554 3874 599 3945 Α.
625 3873 671 3947 Q.
696 3874 740 3945 R.
775 3871 969 3944 authorem
1003 3869 1102 3942 nosti
1136 3867 1282 3963 proble-

240 3984 375 4056 matis?

290 4096 337 4168 Α.
365 4096 497 4168 Literae
518 4097 590 4170 illae
620 4098 777 4170 initiales
805 4096 1048 4170 sunthorum
1073 4095 1280 4182 verborum,

245 4209 301 4280 Uo
314 4208 435 4281 Autre
455 4212 535 4294 Quo
550 4211 742 4284 Roberoal.

289 4323 337 4395 B.
365 4322 522 4397 Discedo
554 4326 631 4420 jam
661 4326 790 4415 multo,
817 4337 860 4397 ut
884 4322 973 4395 mihi
1002 4320 1141 4407 videor,
1170 4343 1279 4415 quam
