2946 5010
421 445 702 498 oaoannnann
722 444 918 497 onumen.
1120 430 1192 497 359

203 613 251 684 Α.
279 612 319 685 Si
336 613 389 684 ita
403 624 470 701 est,
489 635 564 684 nou
581 635 673 708 opus
690 622 746 684 est
764 621 807 683 ut
825 623 862 683 te
884 610 1111 706 interrogem
1128 634 1195 686 cur
1237 642 1305 683 cnr.
1320 641 1375 684 vn.

150 726 323 799 limatura
345 725 447 815 ferri,
473 725 645 821 imposita
672 724 836 821 magneti
861 723 900 796 in
923 722 1099 797 distantia
1114 725 1194 821 qui·
1208 710 1380 825 &W

152 840 236 913 dem
263 842 309 913 ab
340 840 454 937 ipsius
480 841 574 936 polis
600 839 774 935 utrinque
801 837 945 934 aequali,
969 839 1108 933 jacebit
1134 839 1194 912 axi
1207 832 1351 890 ¹³²¹¹ffi⁰¹¹¹⁸fi=
1366 836 1408 876 ⁰¹⁶·

152 953 347 1050 parallelo:
363 954 403 1027 in
420 953 499 1026 aliis
517 965 640 1026 autem
653 952 744 1026 locis
756 951 995 1025 inclinabitur
1007 950 1054 1025 ad
1068 951 1195 1047 polum

152 1069 334 1164 magnetis
359 1068 427 1140 sibi
455 1067 674 1162 proximum.
725 1067 806 1139 Nec
830 1089 955 1162 quare,
978 1065 1009 1138 si
1036 1065 1194 1139 obelisco

153 1179 271 1254 ferreo
288 1204 438 1277 magnes
461 1180 648 1253 affricetur
669 1179 784 1252 ductu
807 1179 997 1266 continuo,
1016 1179 1195 1253 obeliscus

153 1293 214 1367 ille
231 1292 379 1365 eosdem
397 1291 547 1364 babebit
563 1291 677 1387 polos.
747 1292 876 1387 Neque
899 1315 965 1364 our
989 1315 1140 1387 magnes
1157 1302 1197 1364 et

153 1407 304 1494 ferrum,
321 1407 398 1479 sive
425 1405 499 1477 duo
521 1415 721 1500 magnetes,
740 1428 850 1500 snper
871 1427 1004 1500 aquam
1025 1414 1196 1477 natantes

154 1519 248 1592 alter
264 1519 312 1592 ad
330 1518 486 1590 alterum
503 1517 556 1590 ita
572 1540 612 1590 se
637 1516 809 1613 applicet,
826 1529 870 1589 ut
893 1540 1022 1591 eorum
1045 1517 1123 1590 axis
1147 1517 1198 1590 sit

155 1631 372 1720 communis,
402 1645 439 1704 et
471 1629 546 1726 poli
576 1630 712 1703 similes
745 1631 784 1703 in
819 1630 974 1704 eandem
1007 1631 1198 1728 regionem

155 1754 344 1840 spectent;
371 1757 409 1817 et
425 1767 491 1840 per
511 1766 737 1839 consequens
758 1741 893 1817 similes
909 1744 986 1840 poli
1002 1769 1042 1818 se
1069 1755 1197 1818 mutuo

156 1857 347 1952 repellant.
410 1858 507 1930 Nam
525 1856 649 1931 omnia
666 1857 747 1931 haec
765 1857 853 1930 oriri
881 1869 1036 1953 possunt
1052 1858 1099 1932 ab
1116 1857 1198 1931 nni-

157 1994 227 2043 one
241 1982 419 2045 motuum.
