2946 5010
312 396 359 463 86
527 412 796 467 examrnnrro
816 415 867 467 nr
885 414 1134 468 nnnnnamo

118 600 269 644 oratores
363 579 413 653 Β.
441 579 568 654 Quid?
594 581 698 655 Tune
714 582 908 678 sphaeram,
922 605 1069 672 conum,
1086 592 1126 655 et
1142 581 1351 679 cylindrum

126 682 269 790 ,ᾖ
310 693 405 765 hene
438 692 583 765 definiri
616 693 803 768 existimas
836 718 902 790 per
936 704 1076 767 motum
1119 692 1351 785 semicirculi,

310 805 653 901 parallelogrammi,
696 816 735 879 et
773 807 947 903 trianguli
979 830 1088 903 super
1121 806 1352 903 quiescentes

310 917 423 993 axes?

360 1028 408 1105 A.
435 1030 601 1105 Quidni?

361 1145 411 1217 B.
437 1143 497 1216 An
519 1143 707 1217 stellarum
724 1144 879 1216 fixarum
896 1143 955 1217 vel
979 1144 1174 1241 cujuslibet
1195 1145 1352 1242 planetae

312 1259 493 1354 sphaeram
521 1257 742 1353 descriptam
775 1256 887 1330 luisse
920 1270 1028 1353 putas
1058 1283 1081 1331 a
1114 1260 1352 1334 conversione

313 1370 560 1446 semicirculi?
606 1370 793 1462 Similiter,
808 1394 895 1445 axes
912 1371 1043 1444 horum
1062 1395 1272 1468 corporum,
1290 1374 1352 1471 qui

314 1484 539 1559 definiuntur
561 1486 607 1558 ab
631 1484 783 1558 Euclide
805 1508 872 1579 per
899 1494 1040 1557 rectam
1070 1483 1208 1558 lineam
1234 1487 1352 1584 quier-

314 1608 475 1681 certem:
501 1622 626 1671 nonne
643 1618 729 1671 axes
747 1609 845 1686 sunt,
860 1598 1092 1671 etiamsinon
1109 1598 1350 1694 quiescerent,

314 1711 379 1785 sed
396 1734 614 1810 quocunque
626 1711 813 1786 ferrentur
825 1735 981 1809 corpora
993 1712 1083 1808 ipsa,
1096 1735 1254 1809 quorum
1268 1734 1352 1786 axes

314 1835 413 1914 sunt,
429 1825 613 1899 ferrentur
630 1823 728 1897 una?

363 1941 413 2012 A.
440 1938 497 2012 Tu
513 1940 661 2012 firmum
677 1938 749 2011 hoc
766 1949 1024 2034 argumentum
1041 1960 1120 2011 esse
1138 1936 1285 2012 credis?

367 2051 415 2126 Β.
442 2053 510 2126 Ita.
557 2052 606 2125 Et
623 2051 752 2124 eodem
769 2074 857 2124 usus
874 2063 931 2124 est
947 2049 1145 2123 Wallisius.

364 2165 413 2238 A.
440 2164 675 2239 Professorne
704 2164 909 2238 Savilianns
935 2162 1205 2260 reprehendere
1234 2162 1354 2237 Eucli-

315 2279 400 2353 dem
418 2301 527 2351 ausus
544 2277 624 2351 est?

364 2392 414 2465 B.
442 2391 530 2464 Non
546 2390 737 2463 Euclidem
753 2389 1001 2486 reprehendit,
1017 2389 1084 2462 sed
1101 2389 1303 2463 Hobbium.

366 2505 414 2578 Α.
441 2502 560 2576 Etiam
580 2503 782 2588 Euclidem,
800 2503 830 2575 si
848 2502 958 2577 modo
979 2502 1110 2576 eodem
1135 2514 1354 2598 argumento

315 2629 444 2690 contra
460 2628 658 2713 utrumqne
675 2616 731 2689 uti
748 2617 881 2712 potuit.

367 2729 416 2802 Β.
442 2729 542 2802 Esto.
597 2729 670 2802 Sed
695 2753 779 2802 cum
808 2729 942 2802 lineam
970 2729 1157 2803 definisset
1186 2728 1356 2803 Hobbius

316 2866 394 2915 esse
418 2844 593 2939 corporis,
618 2845 721 2940 eujus
746 2844 847 2917 nulla
874 2843 1129 2916 consideratur
1157 2844 1357 2938 quantitas,

315 2956 407 3028 moti
424 2957 508 3028 via:
536 2955 626 3053 quid
648 2980 741 3053 opus
758 2965 827 3045 eat,
852 2956 973 3053 inquit
989 2956 1186 3044 Wallisius,
1211 2956 1357 3029 notiore

315 3079 449 3157 motus,
483 3079 524 3141 ot
558 3069 647 3165 qnid
673 3069 725 3141 ait
752 3067 851 3142 linea
884 3068 1155 3167 intelligatur?
1225 3068 1356 3142 Arm

317 3181 422 3255 tinea
440 3182 590 3280 corpori
608 3181 806 3277 quiescenti
829 3182 961 3268 insunt,
981 3181 1069 3254 &cl
1122 3181 1265 3254 Pariter
1288 3204 1356 3278 ego

318 3294 401 3369 dico
419 3296 498 3386 tihi,
517 3295 607 3393 quid
624 3319 716 3392 opus
734 3308 789 3368 est
808 3294 997 3368 nominare
1015 3305 1165 3382 motum,
1183 3306 1227 3368 ut
1252 3294 1357 3368 intel-

318 3409 453 3506 ligatur
484 3408 572 3504 quid
601 3409 649 3482 sit
676 3407 845 3504 sphaera?
896 3408 1032 3480 Annon
1060 3419 1182 3504 potest
1212 3406 1357 3504 concipi

318 3523 508 3618 quiescens
526 3521 774 3595 semicirculus
790 3521 828 3593 in
846 3519 1012 3616 sphaera?

369 3635 418 3708 A.
445 3635 484 3707 Si
508 3634 570 3706 ille
597 3635 798 3722 Hobbium,
827 3634 937 3707 etiam
964 3644 1006 3707 tu
1034 3633 1228 3707 Euclidem
1258 3645 1356 3708 recto

318 3746 598 3844 reprehendisti.
650 3748 724 3822 Sed
746 3746 895 3820 errastis
920 3747 1041 3833 ambo,
1063 3747 1273 3821 nescientes
1295 3770 1357 3820 na-

318 3877 441 3936 turam
459 3861 691 3935 definitionis.
736 3862 870 3934 Nonne
887 3873 974 3933 suut
991 3860 1225 3934 definitiones
1243 3861 1357 3935 scien·

317 3976 452 4049 tiaram
470 3975 677 4072 principia?

371 4088 419 4160 B.
448 4089 554 4161 Sunt.

369 4199 415 4274 A.
441 4201 489 4273 Et
523 4201 641 4275 omnis
676 4199 829 4274 scientia
861 4222 884 4271 a
917 4197 1128 4294 cognitione
1165 4220 1355 4276 cansarum

320 4311 544 4387 derivanda?
