<?xml version="1.0" encoding="UTF-8"?>
<!DOCTYPE html PUBLIC "-//W3C//DTD XHTML 1.0 Transitional//EN"
    "http://www.w3.org/TR/xhtml1/DTD/xhtml1-transitional.dtd">
<html xmlns="http://www.w3.org/1999/xhtml" xml:lang="en" lang="en">
 <head>
  <title>
</title>
<meta http-equiv="Content-Type" content="text/html;charset=utf-8" />
  <meta name='ocr-system' content='tesseract 3.04.00' />
  <meta name='ocr-capabilities' content='ocr_page ocr_carea ocr_par ocr_line ocrx_word'/>
</head>
<body>
  <div class='ocr_page' id='page_1' title='image "./thomhobbesmalme01hobbgoog_0255.png"; bbox 0 0 2946 5010; ppageno 0'>
   <div class='ocr_carea' id='block_1_1' title="bbox 273 385 992 454">
    <p class='ocr_par' dir='ltr' id='par_1_1' title="bbox 273 385 992 454">
     <span class='ocr_line' id='line_1_1' title="bbox 273 385 992 454; baseline -0.007 -3"><span class='ocrx_word' id='word_1_1' title='bbox 273 385 346 454; x_wconf 76' lang='lat'>244</span> <span class='ocrx_word' id='word_1_2' title='bbox 591 394 644 447; x_wconf 84' lang='lat' dir='ltr'>nu</span> <span class='ocrx_word' id='word_1_3' title='bbox 664 393 835 448; x_wconf 75' lang='lat' dir='ltr'>urruns</span> <span class='ocrx_word' id='word_1_4' title='bbox 853 394 992 448; x_wconf 76' lang='lat' dir='ltr'>sunus.</span> 
     </span>
    </p>
   </div>
   <div class='ocr_carea' id='block_1_2' title="bbox 274 556 1327 4154">
    <p class='ocr_par' dir='ltr' id='par_1_2' title="bbox 274 556 1320 1315">
     <span class='ocr_line' id='line_1_2' title="bbox 275 556 1318 660; baseline -0.009 -21"><span class='ocrx_word' id='word_1_5' title='bbox 275 561 435 660; x_wconf 87' lang='lat' dir='ltr'>cognita.</span> <span class='ocrx_word' id='word_1_6' title='bbox 487 558 647 655; x_wconf 87' lang='lat' dir='ltr'>Ideoque</span> <span class='ocrx_word' id='word_1_7' title='bbox 663 582 792 631; x_wconf 85' lang='lat' dir='ltr'>vereor</span> <span class='ocrx_word' id='word_1_8' title='bbox 811 581 859 630; x_wconf 91' lang='lat' dir='ltr'>ne</span> <span class='ocrx_word' id='word_1_9' title='bbox 876 583 921 631; x_wconf 83' lang='lat' dir='ltr'>ex</span> <span class='ocrx_word' id='word_1_10' title='bbox 947 556 1142 653; x_wconf 87' lang='lat' dir='ltr'>suppositis</span> <span class='ocrx_word' id='word_1_11' title='bbox 1166 557 1318 653; x_wconf 89' lang='lat' dir='ltr'>quibus-</span> 
     </span>
     <span class='ocr_line' id='line_1_3' title="bbox 275 670 1319 769; baseline -0.007 -19"><span class='ocrx_word' id='word_1_12' title='bbox 275 677 361 751; x_wconf 84' lang='lat' dir='ltr'>dam</span> <span class='ocrx_word' id='word_1_13' title='bbox 377 673 473 748; x_wconf 85' lang='lat' dir='ltr'>aeris</span> <span class='ocrx_word' id='word_1_14' title='bbox 489 671 775 769; x_wconf 88' lang='lat' dir='ltr'>proprietatibus</span> <span class='ocrx_word' id='word_1_15' title='bbox 793 670 1016 744; x_wconf 82' lang='lat' dir='ltr'>concludant</span> <span class='ocrx_word' id='word_1_16' title='bbox 1033 670 1203 767; x_wconf 87' lang='lat' dir='ltr'>spatium,</span> <span class='ocrx_word' id='word_1_17' title='bbox 1215 670 1319 766; x_wconf 93' lang='lat' dir='ltr'>quod</span> 
     </span>
     <span class='ocr_line' id='line_1_4' title="bbox 274 785 1320 880; baseline -0.009 -16"><span class='ocrx_word' id='word_1_18' title='bbox 274 815 299 864; x_wconf 86' lang='lat' dir='ltr'>a</span> <span class='ocrx_word' id='word_1_19' title='bbox 333 802 479 862; x_wconf 90' lang='lat' dir='ltr'>suctore</span> <span class='ocrx_word' id='word_1_20' title='bbox 505 798 667 859; x_wconf 84' lang='lat' dir='ltr'>retracto</span> <span class='ocrx_word' id='word_1_21' title='bbox 702 785 932 880; x_wconf 87' lang='lat' dir='ltr'>relinquitur,</span> <span class='ocrx_word' id='word_1_22' title='bbox 960 809 1038 858; x_wconf 91' lang='lat' dir='ltr'>esse</span> <span class='ocrx_word' id='word_1_23' title='bbox 1072 807 1251 868; x_wconf 87' lang='lat' dir='ltr'>vacuum;</span> <span class='ocrx_word' id='word_1_24' title='bbox 1277 795 1320 856; x_wconf 90' lang='lat' dir='ltr'>et</span> 
     </span>
     <span class='ocr_line' id='line_1_5' title="bbox 275 894 1320 994; baseline -0.009 -18"><span class='ocrx_word' id='word_1_25' title='bbox 275 903 322 976; x_wconf 84' lang='lat' dir='ltr'>ab</span> <span class='ocrx_word' id='word_1_26' title='bbox 339 926 383 975; x_wconf 91' lang='lat' dir='ltr'>eo</span> <span class='ocrx_word' id='word_1_27' title='bbox 400 923 537 987; x_wconf 90' lang='lat' dir='ltr'>rursus,</span> <span class='ocrx_word' id='word_1_28' title='bbox 552 897 650 994; x_wconf 91' lang='lat' dir='ltr'>quod</span> <span class='ocrx_word' id='word_1_29' title='bbox 667 897 826 992; x_wconf 87' lang='lat' dir='ltr'>spatium</span> <span class='ocrx_word' id='word_1_30' title='bbox 844 897 934 969; x_wconf 92' lang='lat' dir='ltr'>illud</span> <span class='ocrx_word' id='word_1_31' title='bbox 952 907 1010 969; x_wconf 89' lang='lat' dir='ltr'>est</span> <span class='ocrx_word' id='word_1_32' title='bbox 1022 921 1191 986; x_wconf 87' lang='lat' dir='ltr'>vacuum,</span> <span class='ocrx_word' id='word_1_33' title='bbox 1205 894 1320 969; x_wconf 87' lang='lat' dir='ltr'>talem</span> 
     </span>
     <span class='ocr_line' id='line_1_6' title="bbox 276 1009 1319 1112; baseline -0.008 -24"><span class='ocrx_word' id='word_1_34' title='bbox 276 1015 431 1112; x_wconf 86' lang='lat' dir='ltr'>probare</span> <span class='ocrx_word' id='word_1_35' title='bbox 442 1011 557 1085; x_wconf 91' lang='lat' dir='ltr'>velint</span> <span class='ocrx_word' id='word_1_36' title='bbox 573 1034 652 1084; x_wconf 89' lang='lat' dir='ltr'>esse</span> <span class='ocrx_word' id='word_1_37' title='bbox 663 1022 832 1083; x_wconf 85' lang='lat' dir='ltr'>naturam</span> <span class='ocrx_word' id='word_1_38' title='bbox 847 1011 942 1083; x_wconf 85' lang='lat' dir='ltr'>seris</span> <span class='ocrx_word' id='word_1_39' title='bbox 957 1009 1102 1106; x_wconf 87' lang='lat' dir='ltr'>qualem</span> <span class='ocrx_word' id='word_1_40' title='bbox 1119 1031 1319 1105; x_wconf 90' lang='lat' dir='ltr'>supposue-</span> 
     </span>
     <span class='ocr_line' id='line_1_7' title="bbox 277 1121 1320 1219; baseline -0.006 -19"><span class='ocrx_word' id='word_1_41' title='bbox 277 1139 383 1201; x_wconf 81' lang='lat' dir='ltr'>rant:</span> <span class='ocrx_word' id='word_1_42' title='bbox 400 1126 439 1199; x_wconf 94' lang='lat' dir='ltr'>id</span> <span class='ocrx_word' id='word_1_43' title='bbox 457 1136 524 1213; x_wconf 90' lang='lat' dir='ltr'>est,</span> <span class='ocrx_word' id='word_1_44' title='bbox 539 1147 587 1197; x_wconf 91' lang='lat' dir='ltr'>ue</span> <span class='ocrx_word' id='word_1_45' title='bbox 604 1122 856 1196; x_wconf 85' lang='lat' dir='ltr'>demonstrent</span> <span class='ocrx_word' id='word_1_46' title='bbox 873 1123 950 1196; x_wconf 92' lang='lat' dir='ltr'>siue</span> <span class='ocrx_word' id='word_1_47' title='bbox 968 1123 1149 1219; x_wconf 90' lang='lat' dir='ltr'>principio</span> <span class='ocrx_word' id='word_1_48' title='bbox 1166 1121 1320 1195; x_wconf 90' lang='lat' dir='ltr'>demon-</span> 
     </span>
     <span class='ocr_line' id='line_1_8' title="bbox 278 1238 477 1315; baseline -0.01 -1"><span class='ocrx_word' id='word_1_49' title='bbox 278 1238 477 1315; x_wconf 74' lang='lat' dir='ltr'>cuntionis</span> 
     </span>
    </p>

    <p class='ocr_par' dir='ltr' id='par_1_3' title="bbox 279 1347 1321 1561">
     <span class='ocr_line' id='line_1_9' title="bbox 329 1347 1321 1444; baseline -0.007 -18"><span class='ocrx_word' id='word_1_50' title='bbox 329 1351 378 1426; x_wconf 90' lang='lat' dir='ltr'>B.</span> <span class='ocrx_word' id='word_1_51' title='bbox 406 1350 562 1425; x_wconf 76' lang='lat' dir='ltr'>Qualem</span> <span class='ocrx_word' id='word_1_52' title='bbox 580 1360 703 1422; x_wconf 87' lang='lat' dir='ltr'>autem</span> <span class='ocrx_word' id='word_1_53' title='bbox 721 1347 816 1421; x_wconf 85' lang='lat' dir='ltr'>aeris</span> <span class='ocrx_word' id='word_1_54' title='bbox 841 1358 1011 1422; x_wconf 86' lang='lat' dir='ltr'>naturam</span> <span class='ocrx_word' id='word_1_55' title='bbox 1034 1347 1245 1444; x_wconf 87' lang='lat' dir='ltr'>imaginaris</span> <span class='ocrx_word' id='word_1_56' title='bbox 1264 1359 1321 1438; x_wconf 88' lang='lat' dir='ltr'>tu,</span> 
     </span>
     <span class='ocr_line' id='line_1_10' title="bbox 279 1460 1167 1561; baseline -0.006 -23"><span class='ocrx_word' id='word_1_57' title='bbox 279 1489 351 1561; x_wconf 86' lang='lat' dir='ltr'>qua</span> <span class='ocrx_word' id='word_1_58' title='bbox 369 1463 569 1560; x_wconf 85' lang='lat' dir='ltr'>supposita,</span> <span class='ocrx_word' id='word_1_59' title='bbox 588 1461 747 1558; x_wconf 87' lang='lat' dir='ltr'>spatium</span> <span class='ocrx_word' id='word_1_60' title='bbox 764 1461 855 1534; x_wconf 94' lang='lat' dir='ltr'>illud</span> <span class='ocrx_word' id='word_1_61' title='bbox 871 1463 1004 1558; x_wconf 85' lang='lat' dir='ltr'>repleri</span> <span class='ocrx_word' id='word_1_62' title='bbox 1021 1460 1167 1559; x_wconf 86' lang='lat' dir='ltr'>potest?</span> 
     </span>
    </p>

    <p class='ocr_par' dir='ltr' id='par_1_4' title="bbox 278 1572 1324 3026">
     <span class='ocr_line' id='line_1_11' title="bbox 328 1572 1319 1673; baseline -0.007 -21"><span class='ocrx_word' id='word_1_63' title='bbox 328 1578 378 1652; x_wconf 80' lang='lat' dir='ltr'>A.</span> <span class='ocrx_word' id='word_1_64' title='bbox 405 1574 556 1673; x_wconf 84' lang='lat' dir='ltr'>Egone?</span> <span class='ocrx_word' id='word_1_65' title='bbox 619 1575 793 1671; x_wconf 89' lang='lat' dir='ltr'>Suppono</span> <span class='ocrx_word' id='word_1_66' title='bbox 823 1599 944 1648; x_wconf 89' lang='lat' dir='ltr'>aerem</span> <span class='ocrx_word' id='word_1_67' title='bbox 979 1577 1144 1667; x_wconf 87' lang='lat' dir='ltr'>fluidum,</span> <span class='ocrx_word' id='word_1_68' title='bbox 1178 1572 1215 1646; x_wconf 96' lang='lat' dir='ltr'>id</span> <span class='ocrx_word' id='word_1_69' title='bbox 1250 1584 1319 1664; x_wconf 87' lang='lat' dir='ltr'>est,</span> 
     </span>
     <span class='ocr_line' id='line_1_12' title="bbox 278 1687 1322 1784; baseline -0.007 -19"><span class='ocrx_word' id='word_1_70' title='bbox 278 1690 385 1765; x_wconf 87' lang='lat' dir='ltr'>facile</span> <span class='ocrx_word' id='word_1_71' title='bbox 404 1689 621 1776; x_wconf 86' lang='lat' dir='ltr'>divisibilem</span> <span class='ocrx_word' id='word_1_72' title='bbox 639 1687 677 1760; x_wconf 93' lang='lat' dir='ltr'>in</span> <span class='ocrx_word' id='word_1_73' title='bbox 694 1698 817 1784; x_wconf 88' lang='lat' dir='ltr'>partes</span> <span class='ocrx_word' id='word_1_74' title='bbox 835 1712 978 1784; x_wconf 83' lang='lat' dir='ltr'>semper</span> <span class='ocrx_word' id='word_1_75' title='bbox 1005 1688 1137 1761; x_wconf 89' lang='lat' dir='ltr'>fluidas</span> <span class='ocrx_word' id='word_1_76' title='bbox 1159 1710 1322 1782; x_wconf 91' lang='lat' dir='ltr'>semper-</span> 
     </span>
     <span class='ocr_line' id='line_1_13' title="bbox 280 1799 1324 1901; baseline -0.004 -25"><span class='ocrx_word' id='word_1_77' title='bbox 280 1827 351 1901; x_wconf 86' lang='lat' dir='ltr'>que</span> <span class='ocrx_word' id='word_1_78' title='bbox 370 1826 504 1891; x_wconf 89' lang='lat' dir='ltr'>aerem,</span> <span class='ocrx_word' id='word_1_79' title='bbox 523 1824 567 1874; x_wconf 90' lang='lat' dir='ltr'>eo</span> <span class='ocrx_word' id='word_1_80' title='bbox 591 1799 701 1873; x_wconf 94' lang='lat' dir='ltr'>modo</span> <span class='ocrx_word' id='word_1_81' title='bbox 719 1825 791 1896; x_wconf 92' lang='lat' dir='ltr'>quo</span> <span class='ocrx_word' id='word_1_82' title='bbox 810 1824 918 1873; x_wconf 91' lang='lat' dir='ltr'>omne</span> <span class='ocrx_word' id='word_1_83' title='bbox 946 1812 1124 1898; x_wconf 85' lang='lat' dir='ltr'>quantum</span> <span class='ocrx_word' id='word_1_84' title='bbox 1141 1799 1324 1872; x_wconf 90' lang='lat' dir='ltr'>divisibile</span> 
     </span>
     <span class='ocr_line' id='line_1_14' title="bbox 279 1911 1324 2010; baseline -0.008 -19"><span class='ocrx_word' id='word_1_85' title='bbox 279 1917 390 1992; x_wconf 88' lang='lat' dir='ltr'>estin</span> <span class='ocrx_word' id='word_1_86' title='bbox 408 1937 550 2009; x_wconf 87' lang='lat' dir='ltr'>semper</span> <span class='ocrx_word' id='word_1_87' title='bbox 568 1924 716 2010; x_wconf 89' lang='lat' dir='ltr'>quanta.</span> <span class='ocrx_word' id='word_1_88' title='bbox 769 1912 848 1985; x_wconf 90' lang='lat' dir='ltr'>Nec</span> <span class='ocrx_word' id='word_1_89' title='bbox 878 1937 1044 2009; x_wconf 92' lang='lat' dir='ltr'>suppono</span> <span class='ocrx_word' id='word_1_90' title='bbox 1075 1923 1232 2001; x_wconf 88' lang='lat' dir='ltr'>tautum,</span> <span class='ocrx_word' id='word_1_91' title='bbox 1257 1911 1324 1984; x_wconf 91' lang='lat' dir='ltr'>sed</span> 
     </span>
     <span class='ocr_line' id='line_1_15' title="bbox 280 2025 1322 2128; baseline -0.005 -25"><span class='ocrx_word' id='word_1_92' title='bbox 280 2027 391 2103; x_wconf 92' lang='lat' dir='ltr'>credo</span> <span class='ocrx_word' id='word_1_93' title='bbox 408 2051 566 2128; x_wconf 88' lang='lat' dir='ltr'>quoque,</span> <span class='ocrx_word' id='word_1_94' title='bbox 584 2025 693 2099; x_wconf 93' lang='lat' dir='ltr'>modo</span> <span class='ocrx_word' id='word_1_95' title='bbox 711 2050 834 2099; x_wconf 87' lang='lat' dir='ltr'>aerem</span> <span class='ocrx_word' id='word_1_96' title='bbox 858 2026 1104 2123; x_wconf 90' lang='lat' dir='ltr'>intelligamus</span> <span class='ocrx_word' id='word_1_97' title='bbox 1131 2027 1177 2100; x_wconf 88' lang='lat' dir='ltr'>ab</span> <span class='ocrx_word' id='word_1_98' title='bbox 1195 2027 1322 2099; x_wconf 72' lang='lat' dir='ltr'>omui*</span> 
     </span>
     <span class='ocr_line' id='line_1_16' title="bbox 281 2139 1324 2237; baseline -0.003 -22"><span class='ocrx_word' id='word_1_99' title='bbox 281 2154 390 2215; x_wconf 87' lang='lat' dir='ltr'>terrae</span> <span class='ocrx_word' id='word_1_100' title='bbox 407 2163 586 2237; x_wconf 87' lang='lat' dir='ltr'>aquaeque</span> <span class='ocrx_word' id='word_1_101' title='bbox 603 2139 756 2212; x_wconf 89' lang='lat' dir='ltr'>effluviis</span> <span class='ocrx_word' id='word_1_102' title='bbox 773 2163 917 2234; x_wconf 87' lang='lat' dir='ltr'>purum,</span> <span class='ocrx_word' id='word_1_103' title='bbox 936 2139 1053 2236; x_wconf 85' lang='lat' dir='ltr'>qualis</span> <span class='ocrx_word' id='word_1_104' title='bbox 1073 2149 1225 2236; x_wconf 88' lang='lat' dir='ltr'>putatur</span> <span class='ocrx_word' id='word_1_105' title='bbox 1242 2163 1324 2212; x_wconf 91' lang='lat' dir='ltr'>esse</span> 
     </span>
     <span class='ocr_line' id='line_1_17' title="bbox 281 2251 1324 2350; baseline -0.003 -22"><span class='ocrx_word' id='word_1_106' title='bbox 281 2254 407 2328; x_wconf 87' lang='lat' dir='ltr'>aether.</span> <span class='ocrx_word' id='word_1_107' title='bbox 473 2254 604 2348; x_wconf 88' lang='lat' dir='ltr'>Neque</span> <span class='ocrx_word' id='word_1_108' title='bbox 639 2261 696 2324; x_wconf 88' lang='lat' dir='ltr'>est</span> <span class='ocrx_word' id='word_1_109' title='bbox 730 2252 792 2350; x_wconf 90' lang='lat' dir='ltr'>qui</span> <span class='ocrx_word' id='word_1_110' title='bbox 817 2251 996 2325; x_wconf 89' lang='lat' dir='ltr'>hacteuus</span> <span class='ocrx_word' id='word_1_111' title='bbox 1025 2253 1138 2325; x_wconf 88' lang='lat' dir='ltr'>ullam</span> <span class='ocrx_word' id='word_1_112' title='bbox 1167 2251 1324 2325; x_wconf 89' lang='lat' dir='ltr'>adduxit</span> 
     </span>
     <span class='ocr_line' id='line_1_18' title="bbox 280 2364 1322 2461; baseline -0.002 -21"><span class='ocrx_word' id='word_1_113' title='bbox 280 2368 473 2454; x_wconf 87' lang='lat' dir='ltr'>rationem,</span> <span class='ocrx_word' id='word_1_114' title='bbox 487 2388 600 2459; x_wconf 85' lang='lat' dir='ltr'>quare</span> <span class='ocrx_word' id='word_1_115' title='bbox 617 2364 671 2437; x_wconf 87' lang='lat' dir='ltr'>ita</span> <span class='ocrx_word' id='word_1_116' title='bbox 688 2388 766 2437; x_wconf 90' lang='lat' dir='ltr'>esse</span> <span class='ocrx_word' id='word_1_117' title='bbox 784 2388 858 2438; x_wconf 91' lang='lat' dir='ltr'>nou</span> <span class='ocrx_word' id='word_1_118' title='bbox 876 2376 1011 2461; x_wconf 91' lang='lat' dir='ltr'>potest.</span> <span class='ocrx_word' id='word_1_119' title='bbox 1065 2366 1206 2438; x_wconf 83' lang='lat' dir='ltr'>Contra</span> <span class='ocrx_word' id='word_1_120' title='bbox 1218 2388 1322 2453; x_wconf 86' lang='lat' dir='ltr'>veru,</span> 
     </span>
     <span class='ocr_line' id='line_1_19' title="bbox 282 2477 1323 2575; baseline -0.004 -22"><span class='ocrx_word' id='word_1_121' title='bbox 282 2478 314 2553; x_wconf 83' lang='lat' dir='ltr'>si</span> <span class='ocrx_word' id='word_1_122' title='bbox 347 2501 431 2575; x_wconf 87' lang='lat' dir='ltr'>pars</span> <span class='ocrx_word' id='word_1_123' title='bbox 465 2477 571 2564; x_wconf 87' lang='lat' dir='ltr'>aeris,</span> <span class='ocrx_word' id='word_1_124' title='bbox 611 2487 749 2572; x_wconf 87' lang='lat' dir='ltr'>quauta</span> <span class='ocrx_word' id='word_1_125' title='bbox 779 2490 834 2550; x_wconf 91' lang='lat' dir='ltr'>est</span> <span class='ocrx_word' id='word_1_126' title='bbox 872 2478 1024 2552; x_wconf 88' lang='lat' dir='ltr'>minima</span> <span class='ocrx_word' id='word_1_127' title='bbox 1056 2503 1165 2574; x_wconf 88' lang='lat' dir='ltr'>quam</span> <span class='ocrx_word' id='word_1_128' title='bbox 1196 2477 1323 2549; x_wconf 88' lang='lat' dir='ltr'>vidisti</span> 
     </span>
     <span class='ocr_line' id='line_1_20' title="bbox 282 2589 1322 2688; baseline -0.001 -25"><span class='ocrx_word' id='word_1_129' title='bbox 282 2614 442 2686; x_wconf 88' lang='lat' dir='ltr'>unquam</span> <span class='ocrx_word' id='word_1_130' title='bbox 459 2601 566 2686; x_wconf 86' lang='lat' dir='ltr'>gutta</span> <span class='ocrx_word' id='word_1_131' title='bbox 582 2613 698 2684; x_wconf 72' lang='lat' dir='ltr'>aquae,</span> <span class='ocrx_word' id='word_1_132' title='bbox 716 2589 829 2662; x_wconf 87' lang='lat' dir='ltr'>fluida</span> <span class='ocrx_word' id='word_1_133' title='bbox 847 2603 913 2680; x_wconf 87' lang='lat' dir='ltr'>est,</span> <span class='ocrx_word' id='word_1_134' title='bbox 937 2593 1119 2688; x_wconf 93' lang='lat' dir='ltr'>quomodo</span> <span class='ocrx_word' id='word_1_135' title='bbox 1148 2592 1215 2664; x_wconf 88' lang='lat' dir='ltr'>tibi</span> <span class='ocrx_word' id='word_1_136' title='bbox 1236 2615 1322 2686; x_wconf 92' lang='lat' dir='ltr'>pro-</span> 
     </span>
     <span class='ocr_line' id='line_1_21' title="bbox 284 2701 1322 2800; baseline 0 -26"><span class='ocrx_word' id='word_1_137' title='bbox 284 2702 457 2797; x_wconf 52' lang='lat' dir='ltr'>baturum*</span> <span class='ocrx_word' id='word_1_138' title='bbox 475 2713 531 2775; x_wconf 92' lang='lat' dir='ltr'>est</span> <span class='ocrx_word' id='word_1_139' title='bbox 549 2701 687 2798; x_wconf 88' lang='lat' dir='ltr'>aliquid</span> <span class='ocrx_word' id='word_1_140' title='bbox 706 2703 803 2799; x_wconf 94' lang='lat' dir='ltr'>quod</span> <span class='ocrx_word' id='word_1_141' title='bbox 821 2728 905 2799; x_wconf 88' lang='lat' dir='ltr'>pars</span> <span class='ocrx_word' id='word_1_142' title='bbox 924 2703 1074 2778; x_wconf 91' lang='lat' dir='ltr'>dimidia</span> <span class='ocrx_word' id='word_1_143' title='bbox 1097 2707 1174 2800; x_wconf 88' lang='lat' dir='ltr'>ejus</span> <span class='ocrx_word' id='word_1_144' title='bbox 1193 2705 1322 2799; x_wconf 78' lang='lat' dir='ltr'>partie,</span> 
     </span>
     <span class='ocr_line' id='line_1_22' title="bbox 283 2814 1322 2912; baseline 0.003 -26"><span class='ocrx_word' id='word_1_145' title='bbox 283 2814 354 2902; x_wconf 82' lang='lat' dir='ltr'>vel,</span> <span class='ocrx_word' id='word_1_146' title='bbox 369 2814 398 2886; x_wconf 92' lang='lat' dir='ltr'>si</span> <span class='ocrx_word' id='word_1_147' title='bbox 412 2814 477 2903; x_wconf 78' lang='lat' dir='ltr'>vie,</span> <span class='ocrx_word' id='word_1_148' title='bbox 492 2814 629 2887; x_wconf 86' lang='lat' dir='ltr'>centies</span> <span class='ocrx_word' id='word_1_149' title='bbox 643 2815 774 2887; x_wconf 89' lang='lat' dir='ltr'>millies</span> <span class='ocrx_word' id='word_1_150' title='bbox 789 2817 992 2905; x_wconf 87' lang='lat' dir='ltr'>millesima,</span> <span class='ocrx_word' id='word_1_151' title='bbox 1006 2843 1079 2890; x_wconf 89' lang='lat' dir='ltr'>non</span> <span class='ocrx_word' id='word_1_152' title='bbox 1098 2819 1144 2890; x_wconf 92' lang='lat' dir='ltr'>sit</span> <span class='ocrx_word' id='word_1_153' title='bbox 1158 2816 1322 2912; x_wconf 88' lang='lat' dir='ltr'>ejusdem</span> 
     </span>
     <span class='ocr_line' id='line_1_23' title="bbox 284 2928 1260 3026; baseline 0.003 -28"><span class='ocrx_word' id='word_1_154' title='bbox 284 2936 436 3014; x_wconf 87' lang='lat' dir='ltr'>naturae,</span> <span class='ocrx_word' id='word_1_155' title='bbox 454 2951 584 3022; x_wconf 90' lang='lat' dir='ltr'>nempe</span> <span class='ocrx_word' id='word_1_156' title='bbox 599 2928 712 3000; x_wconf 90' lang='lat' dir='ltr'>fluida</span> <span class='ocrx_word' id='word_1_157' title='bbox 729 2939 767 3000; x_wconf 87' lang='lat' dir='ltr'>et</span> <span class='ocrx_word' id='word_1_158' title='bbox 784 2953 859 3015; x_wconf 84' lang='lat' dir='ltr'>aer,</span> <span class='ocrx_word' id='word_1_159' title='bbox 878 2954 940 3001; x_wconf 88' lang='lat' dir='ltr'>aer</span> <span class='ocrx_word' id='word_1_160' title='bbox 958 2930 1105 3025; x_wconf 88' lang='lat' dir='ltr'>inquam</span> <span class='ocrx_word' id='word_1_161' title='bbox 1123 2930 1260 3026; x_wconf 83' lang='lat' dir='ltr'>purus?</span> 
     </span>
    </p>

    <p class='ocr_par' dir='ltr' id='par_1_5' title="bbox 285 3038 1327 3929">
     <span class='ocr_line' id='line_1_24' title="bbox 335 3038 1325 3136; baseline 0.005 -25"><span class='ocrx_word' id='word_1_162' title='bbox 335 3040 383 3112; x_wconf 86' lang='lat' dir='ltr'>B.</span> <span class='ocrx_word' id='word_1_163' title='bbox 411 3038 483 3112; x_wconf 89' lang='lat' dir='ltr'>Sed</span> <span class='ocrx_word' id='word_1_164' title='bbox 499 3040 664 3136; x_wconf 90' lang='lat' dir='ltr'>plerique</span> <span class='ocrx_word' id='word_1_165' title='bbox 682 3052 851 3114; x_wconf 89' lang='lat' dir='ltr'>nostrum</span> <span class='ocrx_word' id='word_1_166' title='bbox 865 3053 1033 3115; x_wconf 88' lang='lat' dir='ltr'>naturam</span> <span class='ocrx_word' id='word_1_167' title='bbox 1046 3044 1195 3116; x_wconf 88' lang='lat' dir='ltr'>fluidam</span> <span class='ocrx_word' id='word_1_168' title='bbox 1211 3069 1233 3116; x_wconf 85' lang='lat' dir='ltr'>a</span> <span class='ocrx_word' id='word_1_169' title='bbox 1247 3069 1325 3116; x_wconf 92' lang='lat' dir='ltr'>uon</span> 
     </span>
     <span class='ocr_line' id='line_1_25' title="bbox 285 3152 1324 3252; baseline 0.002 -26"><span class='ocrx_word' id='word_1_170' title='bbox 285 3152 399 3226; x_wconf 85' lang='lat' dir='ltr'>fluida</span> <span class='ocrx_word' id='word_1_171' title='bbox 412 3152 670 3249; x_wconf 85' lang='lat' dir='ltr'>distinguimus</span> <span class='ocrx_word' id='word_1_172' title='bbox 688 3153 942 3249; x_wconf 85' lang='lat' dir='ltr'>magnitudine</span> <span class='ocrx_word' id='word_1_173' title='bbox 956 3157 1113 3250; x_wconf 86' lang='lat' dir='ltr'>partium</span> <span class='ocrx_word' id='word_1_174' title='bbox 1130 3181 1175 3228; x_wconf 86' lang='lat' dir='ltr'>ex</span> <span class='ocrx_word' id='word_1_175' title='bbox 1192 3157 1324 3252; x_wconf 88' lang='lat' dir='ltr'>quibus</span> 
     </span>
     <span class='ocr_line' id='line_1_26' title="bbox 286 3267 1322 3365; baseline 0.001 -25"><span class='ocrx_word' id='word_1_176' title='bbox 286 3291 418 3365; x_wconf 89' lang='lat' dir='ltr'>corpus</span> <span class='ocrx_word' id='word_1_177' title='bbox 460 3267 609 3363; x_wconf 89' lang='lat' dir='ltr'>aliquod</span> <span class='ocrx_word' id='word_1_178' title='bbox 643 3280 800 3354; x_wconf 89' lang='lat' dir='ltr'>constat,</span> <span class='ocrx_word' id='word_1_179' title='bbox 844 3279 880 3340; x_wconf 90' lang='lat' dir='ltr'>et</span> <span class='ocrx_word' id='word_1_180' title='bbox 917 3269 1020 3364; x_wconf 88' lang='lat' dir='ltr'>quasi</span> <span class='ocrx_word' id='word_1_181' title='bbox 1064 3269 1322 3364; x_wconf 91' lang='lat' dir='ltr'>compingitur.</span> 
     </span>
     <span class='ocr_line' id='line_1_27' title="bbox 288 3379 1326 3477; baseline 0.002 -24"><span class='ocrx_word' id='word_1_182' title='bbox 288 3381 418 3477; x_wconf 89' lang='lat' dir='ltr'>Itaque</span> <span class='ocrx_word' id='word_1_183' title='bbox 460 3404 535 3452; x_wconf 90' lang='lat' dir='ltr'>nou</span> <span class='ocrx_word' id='word_1_184' title='bbox 572 3379 682 3452; x_wconf 91' lang='lat' dir='ltr'>modo</span> <span class='ocrx_word' id='word_1_185' title='bbox 716 3402 851 3469; x_wconf 87' lang='lat' dir='ltr'>aerem,</span> <span class='ocrx_word' id='word_1_186' title='bbox 885 3404 1030 3475; x_wconf 89' lang='lat' dir='ltr'>aquam,</span> <span class='ocrx_word' id='word_1_187' title='bbox 1066 3392 1104 3454; x_wconf 90' lang='lat' dir='ltr'>et</span> <span class='ocrx_word' id='word_1_188' title='bbox 1144 3382 1326 3477; x_wconf 89' lang='lat' dir='ltr'>liquorem</span> 
     </span>
     <span class='ocr_line' id='line_1_28' title="bbox 287 3492 1326 3590; baseline 0.001 -24"><span class='ocrx_word' id='word_1_189' title='bbox 287 3516 444 3581; x_wconf 88' lang='lat' dir='ltr'>omnem,</span> <span class='ocrx_word' id='word_1_190' title='bbox 463 3492 527 3565; x_wconf 91' lang='lat' dir='ltr'>sed</span> <span class='ocrx_word' id='word_1_191' title='bbox 548 3492 657 3565; x_wconf 91' lang='lat' dir='ltr'>etiam</span> <span class='ocrx_word' id='word_1_192' title='bbox 681 3492 842 3565; x_wconf 89' lang='lat' dir='ltr'>cinerem</span> <span class='ocrx_word' id='word_1_193' title='bbox 870 3504 907 3564; x_wconf 87' lang='lat' dir='ltr'>et</span> <span class='ocrx_word' id='word_1_194' title='bbox 934 3495 1120 3588; x_wconf 89' lang='lat' dir='ltr'>pulverem</span> <span class='ocrx_word' id='word_1_195' title='bbox 1149 3509 1326 3590; x_wconf 86' lang='lat' dir='ltr'>tanquam</span> 
     </span>
     <span class='ocr_line' id='line_1_29' title="bbox 286 3605 1327 3700; baseline 0.003 -22"><span class='ocrx_word' id='word_1_196' title='bbox 286 3605 400 3678; x_wconf 88' lang='lat' dir='ltr'>fluida</span> <span class='ocrx_word' id='word_1_197' title='bbox 429 3605 729 3700; x_wconf 87' lang='lat' dir='ltr'>contemplamur.</span> <span class='ocrx_word' id='word_1_198' title='bbox 797 3606 844 3677; x_wconf 85' lang='lat' dir='ltr'>Et</span> <span class='ocrx_word' id='word_1_199' title='bbox 877 3606 990 3678; x_wconf 89' lang='lat' dir='ltr'>fluida</span> <span class='ocrx_word' id='word_1_200' title='bbox 1021 3630 1065 3679; x_wconf 84' lang='lat' dir='ltr'>ex</span> <span class='ocrx_word' id='word_1_201' title='bbox 1094 3632 1168 3679; x_wconf 89' lang='lat' dir='ltr'>uon</span> <span class='ocrx_word' id='word_1_202' title='bbox 1202 3609 1327 3682; x_wconf 90' lang='lat' dir='ltr'>fluidis</span> 
     </span>
     <span class='ocr_line' id='line_1_30' title="bbox 288 3718 1327 3814; baseline 0.005 -24"><span class='ocrx_word' id='word_1_203' title='bbox 288 3718 489 3814; x_wconf 90' lang='lat' dir='ltr'>composita</span> <span class='ocrx_word' id='word_1_204' title='bbox 506 3742 582 3791; x_wconf 89' lang='lat' dir='ltr'>esse</span> <span class='ocrx_word' id='word_1_205' title='bbox 601 3743 707 3814; x_wconf 88' lang='lat' dir='ltr'>posse</span> <span class='ocrx_word' id='word_1_206' title='bbox 731 3744 805 3791; x_wconf 94' lang='lat' dir='ltr'>nou</span> <span class='ocrx_word' id='word_1_207' title='bbox 836 3743 1023 3814; x_wconf 87' lang='lat' dir='ltr'>negamus.</span> <span class='ocrx_word' id='word_1_208' title='bbox 1076 3721 1171 3793; x_wconf 85' lang='lat' dir='ltr'>Nam</span> <span class='ocrx_word' id='word_1_209' title='bbox 1201 3722 1327 3795; x_wconf 90' lang='lat' dir='ltr'>divisi-</span> 
     </span>
     <span class='ocr_line' id='line_1_31' title="bbox 286 3831 1165 3929; baseline 0.001 -26"><span class='ocrx_word' id='word_1_210' title='bbox 286 3831 467 3904; x_wconf 85' lang='lat' dir='ltr'>bilitatem</span> <span class='ocrx_word' id='word_1_211' title='bbox 486 3831 583 3904; x_wconf 87' lang='lat' dir='ltr'>illam</span> <span class='ocrx_word' id='word_1_212' title='bbox 601 3832 781 3905; x_wconf 90' lang='lat' dir='ltr'>infinitam</span> <span class='ocrx_word' id='word_1_213' title='bbox 801 3858 874 3905; x_wconf 94' lang='lat' dir='ltr'>uon</span> <span class='ocrx_word' id='word_1_214' title='bbox 894 3837 1165 3929; x_wconf 89' lang='lat' dir='ltr'>concoquimus.</span> 
     </span>
    </p>

    <p class='ocr_par' dir='ltr' id='par_1_6' title="bbox 289 3945 1327 4154">
     <span class='ocr_line' id='line_1_32' title="bbox 339 3945 1326 4043; baseline 0.005 -27"><span class='ocrx_word' id='word_1_215' title='bbox 339 3945 388 4017; x_wconf 86' lang='grc' dir='ltr'>Α.</span> <span class='ocrx_word' id='word_1_216' title='bbox 416 3945 552 4017; x_wconf 88' lang='lat' dir='ltr'>Divisio</span> <span class='ocrx_word' id='word_1_217' title='bbox 571 3945 717 4040; x_wconf 89' lang='lat' dir='ltr'>quidem</span> <span class='ocrx_word' id='word_1_218' title='bbox 743 3945 887 4018; x_wconf 85' lang='lat' dir='ltr'>infinita</span> <span class='ocrx_word' id='word_1_219' title='bbox 914 3948 1059 4043; x_wconf 93' lang='lat' dir='ltr'>concipi</span> <span class='ocrx_word' id='word_1_220' title='bbox 1087 3972 1160 4020; x_wconf 90' lang='lat' dir='ltr'>uon</span> <span class='ocrx_word' id='word_1_221' title='bbox 1191 3961 1326 4042; x_wconf 91' lang='lat' dir='ltr'>potest,</span> 
     </span>
     <span class='ocr_line' id='line_1_33' title="bbox 289 4054 1327 4154; baseline 0.008 -28"><span class='ocrx_word' id='word_1_222' title='bbox 289 4054 517 4129; x_wconf 84' lang='lat' dir='ltr'>divisibilitas</span> <span class='ocrx_word' id='word_1_223' title='bbox 535 4068 657 4128; x_wconf 87' lang='lat' dir='ltr'>autem</span> <span class='ocrx_word' id='word_1_224' title='bbox 679 4056 796 4129; x_wconf 86' lang='lat' dir='ltr'>facile.</span> <span class='ocrx_word' id='word_1_225' title='bbox 848 4059 939 4154; x_wconf 85' lang='lat' dir='ltr'>Ego,</span> <span class='ocrx_word' id='word_1_226' title='bbox 959 4075 1099 4148; x_wconf 86' lang='lat' dir='ltr'>contra,</span> <span class='ocrx_word' id='word_1_227' title='bbox 1120 4061 1327 4134; x_wconf 90' lang='lat' dir='ltr'>distinctio-</span> 
     </span>
    </p>
   </div>
   <div class='ocr_carea' id='block_1_3' title="bbox 368 4288 1244 4358">
    <p class='ocr_par' dir='ltr' id='par_1_7' title="bbox 368 4288 1244 4358">
     <span class='ocr_line' id='line_1_34' title="bbox 368 4288 1244 4358; baseline 0.009 -10"><span class='ocrx_word' id='word_1_228' title='bbox 368 4289 386 4323; x_wconf 72' lang='lat'><em>*</em></span> <span class='ocrx_word' id='word_1_229' title='bbox 402 4288 451 4348; x_wconf 86' lang='lat' dir='ltr'>Sic</span> <span class='ocrx_word' id='word_1_230' title='bbox 464 4289 542 4347; x_wconf 87' lang='lat' dir='ltr'>Edit.</span> <span class='ocrx_word' id='word_1_231' title='bbox 562 4292 633 4348; x_wconf 84' lang='lat'>1661</span> <span class='ocrx_word' id='word_1_232' title='bbox 652 4300 681 4349; x_wconf 90' lang='lat' dir='ltr'>et</span> <span class='ocrx_word' id='word_1_233' title='bbox 698 4294 783 4350; x_wconf 83' lang='lat'>1688.</span> <span class='ocrx_word' id='word_1_234' title='bbox 958 4294 974 4358; x_wconf 74' lang='grc'>1</span> <span class='ocrx_word' id='word_1_235' title='bbox 997 4296 1045 4356; x_wconf 83' lang='lat' dir='ltr'>Sic</span> <span class='ocrx_word' id='word_1_236' title='bbox 1060 4298 1139 4356; x_wconf 87' lang='lat' dir='ltr'>Edit.</span> <span class='ocrx_word' id='word_1_237' title='bbox 1159 4301 1244 4356; x_wconf 88' lang='grc'>1668.</span> 
     </span>
    </p>
   </div>
   <div class='ocr_carea' id='block_1_4' title="bbox 0 0 1497 5010">
    <p class='ocr_par' dir='ltr' id='par_1_8' title="bbox 0 0 1497 5010">
     <span class='ocr_line' id='line_1_35' title="bbox 0 0 1497 5010; baseline 0 0"><span class='ocrx_word' id='word_1_238' title='bbox 0 0 1497 5010; x_wconf 95' lang='lat' dir='ltr'> </span> 
     </span>
    </p>
   </div>
  </div>
 </body>
</html>
