2946 5010
307 395 357 462 60
525 408 796 464 nxsurnsrro
816 412 868 465 nn
885 413 1136 466 nnnuosrro

118 602 268 643 mmoeus
354 577 403 651 Α.
429 577 623 672 Tempora,
654 589 787 669 motus,
817 579 981 676 pondere
1009 580 1165 678 aequnlin
1193 583 1347 656 seorsim

119 683 263 787 „L
305 689 514 764 definienda
529 701 615 764 sunt
630 716 677 763 ea
693 715 777 764 esse
793 716 946 790 qnorum
963 717 1155 785 mensnroe,
1172 694 1251 768 sive
1267 719 1348 769 cor·

295 825 401 900 pora
418 802 543 900 quibus
559 814 831 895 menisnrnntnr,
849 805 1009 903 equales
1022 817 1120 882 sunt.

352 916 401 990 Β.
428 915 603 990 Nondum
617 917 792 991 definiisti
808 918 898 1015 qnid
915 919 964 993 sit
980 930 1099 1011 ἀκριβῶς
1115 919 1214 994 lines
1229 931 1345 996 recte.

354 1029 404 1104 Α.
429 1028 549 1103 Recta
572 1029 674 1103 tinea
698 1055 745 1104 en
768 1040 836 1122 est,
861 1058 940 1130 qne
956 1056 1034 1131 per
1051 1042 1163 1106 totam
1184 1035 1282 1108 viam
1298 1034 1347 1108 ab

303 1167 373 1216 nno
391 1143 546 1217 termino
563 1143 617 1217 nd
630 1143 788 1218 atterum
804 1146 994 1242 equaliter
1010 1136 1129 1220 (sistat
1149 1172 1175 1221 ω
1192 1148 1346 1248 quibus-

301 1253 393 1329 libet
408 1254 529 1347 tineis,
549 1256 728 1330 similibus
745 1268 783 1331 et
800 1257 1003 1356 equalibus
1021 1259 1121 1333 inter
1137 1282 1189 1351 se,
1212 1272 1251 1336 et
1266 1286 1347 1337 eos·

303 1367 384 1442 dem
401 1368 616 1443 habentibus
633 1371 819 1444 terminos.

355 1481 404 1555 Β.
431 1482 615 1577 Intelligo.
678 1483 739 1556 Sic
768 1484 846 1557 axis
875 1496 983 1558 terrae
1012 1484 1111 1559 fines
1140 1497 1198 1560 est
1230 1498 1343 1580 rectu,

302 1606 499 1692 propterea
515 1594 614 1692 qnod
636 1595 826 1692 aequaliter
852 1597 967 1671 distat
986 1621 1053 1694 per
1070 1610 1189 1673 totam
1205 1599 1305 1673 viem
1321 1625 1345 1674 s

303 1707 607 1782 circumferentiis
625 1708 781 1781 duorum
798 1709 1005 1806 pluriumve
1027 1710 1248 1786 circulorum
1265 1737 1344 1787 me-

302 1821 541 1896 ridianornm.

353 1935 402 2009 A.
431 1933 504 2009 Sed
521 1959 641 2033 neque
657 1934 823 2010 definitio
846 1937 927 2010 haec
946 1936 1103 2034 intelligi
1119 1949 1251 2034 potest,
1271 1939 1343 2013 nisi

302 2049 348 2123 sb
366 2049 410 2122 iis
427 2049 492 2146 qui
508 2048 719 2145 intelligunt
731 2073 900 2146 quaensm
916 2049 1023 2123 lineae
1040 2050 1176 2124 similes
1192 2052 1252 2124 vel
1268 2052 1342 2127 dis-

302 2163 437 2236 similes
464 2162 629 2236 dicendae
657 2172 756 2236 sunt.
807 2162 937 2258 Itaque
965 2163 1166 2236 rectissime
1195 2163 1343 2242 iecisset

301 2273 484 2363 Euclides,
503 2275 533 2348 si
550 2274 684 2347 lineam
703 2297 851 2347 curvam
868 2274 970 2369 prius
988 2272 1185 2348 definisset.

353 2386 402 2460 B.
430 2384 531 2461 Quid
548 2396 604 2459 est
619 2385 716 2457 linea
733 2385 872 2458 curva?

352 2498 401 2572 A.
427 2498 551 2570 Linea
567 2521 680 2570 ennon
697 2506 754 2570 est
771 2499 875 2595 cnjus
892 2498 1049 2589 termini,
1070 2497 1179 2573 salon
1195 2503 1343 2599 quanti·

302 2620 392 2699 tote,
411 2609 540 2684 diduci
550 2618 723 2707 possunt.

352 2722 401 2796 Β.
428 2723 526 2796 Nam
543 2722 606 2818 qui
622 2720 758 2818 aliquid
776 2745 929 2795 curvum
946 2721 1046 2812 tacit,
1073 2723 1131 2797 vel
1157 2747 1203 2797 ex
1228 2748 1343 2800 curvo

299 2835 416 2932 magis
433 2860 598 2927 curvum,
611 2835 787 2909 terminos
806 2838 884 2933 ejus
899 2836 1061 2911 adducit.
1108 2838 1130 2911 J
1132 2862 1192 2911 am
1205 2838 1342 2914 lineam

300 2961 437 3024 rectam
466 2961 614 3046 egomet
641 2949 811 3023 definiam
837 2975 918 3022 enm
945 2974 1037 3039 esse,
1065 2952 1168 3047 cnjus
1194 2952 1344 3026 termini

301 3063 430 3138 diduci
446 3088 516 3137 non
526 3072 698 3162 possunt.
750 3064 924 3137 Definitio
944 3063 1073 3160 quinta
1091 3075 1159 3153 est,
1183 3068 1342 3163 superfi-

299 3176 377 3250 cies
401 3186 461 3251 est
482 3202 565 3276 qne
589 3175 856 3274 longitudinem
876 3174 1183 3274 latitudinemque
1200 3187 1342 3252 tnntnm

300 3289 421 3364 babet.

350 3404 399 3477 A.
452 3402 557 3476 Bona
574 3411 641 3474 est.
694 3400 818 3489 Sexta,
845 3399 1059 3499 superficiei
1085 3400 1236 3474 termini
1257 3411 1342 3476 ennt

299 3513 419 3609 linem,
444 3515 572 3590 similis
595 3526 652 3588 est
676 3514 808 3602 tertiae,
835 3538 904 3588 nec
921 3513 1098 3604 definitio,
1126 3514 1192 3587 sed
1209 3539 1340 3611 propo·

299 3630 396 3720 sitio,
414 3654 487 3727 qua
503 3628 731 3725 significatur
742 3626 856 3700 lineas
870 3649 945 3700 non
962 3649 1042 3700 esse
1057 3627 1340 3702 considerandos

299 3755 342 3817 ut
372 3755 476 3817 extra
505 3741 736 3839 superficiem
766 3742 994 3830 terminatus,
1026 3741 1091 3813 sed
1118 3740 1157 3812 in
1180 3740 1272 3837 ipss,
1296 3751 1340 3814 ut

298 3869 437 3952 puncta
453 3858 492 3931 in
509 3856 607 3930 linea
623 3879 733 3951 quam
749 3854 960 3927 terminent.

350 3969 399 4043 Β.
427 3970 527 4045 Quid
551 3982 608 4042 est
628 3967 837 4064 superficies
854 3965 992 4061 plana?
1044 3965 1141 4038 Nem
1159 3964 1337 4055 definitio,

298 4106 379 4177 quae
402 4083 561 4156 traditur
578 4084 624 4156 ab
642 4079 805 4166 Euclide,
831 4076 959 4151 eodem
983 4078 1126 4151 laborat
1150 4078 1240 4150 vitio
1265 4100 1338 4172 quo

297 4205 439 4290 quarta.
482 4196 578 4268 Illud
590 4195 700 4282 enim,
714 4218 761 4265 en
774 4215 878 4288 aeqno
890 4214 978 4262 snos
993 4191 1190 4285 interjbcet
1203 4189 1336 4278 linens,

297 4330 373 4379 non
390 4319 446 4382 est
461 4307 703 4404 intelligibile.
754 4305 877 4379 Defini
899 4328 987 4400 ergo
1011 4304 1240 4400 superficiem
1257 4302 1335 4399 pls-

297 4444 394 4495 nam.
