2946 5010
384 439 697 493 maraunmmcn
717 440 963 494 nonturno.
1122 426 1190 491 199

155 611 194 682 in
211 620 349 704 puncto
366 633 403 682 a.
454 609 580 683 Motus
597 610 695 683 enim
725 610 844 684 centri
869 633 945 683 non
961 608 1079 682 variat
1107 608 1191 681 alti·
1230 629 1380 671 mamona

157 722 303 795 tudines
314 721 552 795 circulatione
569 723 779 819 acquisitae,
798 747 880 819 quae
893 746 1036 818 semper
1049 733 1136 795 sunt
1152 720 1192 795 in
1232 709 1374 816 L

156 836 393 910 altitudinum
409 836 603 933 parallelis.
656 836 799 910 Deinde
828 836 932 911 radio
963 846 1020 930 213
1036 835 1195 908 ducatur

156 974 262 1023 arcus
280 951 419 1039 circuli,
446 974 573 1024 secans
595 951 805 1047 parallelam
827 949 1039 1024 altitudines
1065 971 1194 1022 secun·

157 1063 242 1136 dam
259 1063 297 1135 in
312 1061 346 1135 b.
400 1063 559 1137 Quando
576 1086 664 1159 ergo
681 1076 860 1160 punctum
877 1064 908 1136 B
938 1072 1091 1160 propter
1113 1084 1194 1135 mo-

157 1188 238 1250 tum
256 1177 472 1250 circularem
489 1175 643 1250 deberet
660 1200 739 1250 esse
756 1177 796 1249 in
813 1201 879 1250 suo
897 1200 986 1250 arcu
1002 1174 1051 1249 ad
1068 1184 1104 1263 2,
1122 1174 1193 1248 erit

157 1300 309 1385 propter
325 1301 467 1363 motum
491 1300 633 1362 rectum
660 1290 778 1363 centri
804 1289 843 1362 in
868 1289 997 1363 eadem
1021 1287 1197 1384 parallela

159 1402 377 1490 altitudinis
400 1403 447 1475 ab
472 1401 493 1474 b
504 1429 519 1486 ;
546 1403 690 1499 eritque
715 1426 821 1476 arcus
838 1437 857 1472 a
871 1426 896 1475 c
921 1401 1070 1498 aequalis
1093 1401 1197 1475 arcui

159 1516 231 1604 Bl,
255 1527 292 1587 et
310 1539 417 1587 arcus
433 1525 455 1599 β
470 1513 492 1586 d
510 1515 659 1609 aequalis
676 1516 778 1588 arcui
795 1516 872 1591 Bo.
923 1516 1019 1589 Item
1043 1513 1195 1588 siradio

159 1637 213 1725 37
231 1627 458 1700 describatur
475 1651 581 1700 arcus
593 1653 654 1725 γε,
672 1651 799 1702 secans
816 1628 964 1702 tertiam
993 1627 1196 1702 altitudinis

158 1740 369 1836 parallelam
399 1741 437 1812 in
470 1765 502 1829 c,
533 1740 604 1813 erit
629 1763 735 1813 arcus
763 1765 814 1838 γε
838 1741 949 1836 tripla
982 1765 1089 1814 arcus
1119 1741 1194 1814 Bl.

158 1854 296 1925 Eadem
341 1852 515 1926 methodo
564 1854 839 1927 constituuntur
884 1853 1025 1950 reliqua
1058 1865 1199 1950 puncta

159 1966 195 2055 d,
206 1964 280 2062 af,
289 1991 331 2064 g,
345 1966 381 2055 h,
397 1967 422 2054 i,
435 1967 469 2054 Ιι,
484 1965 501 2038 l
512 1993 526 2049 ‚·
552 1991 617 2063 per
634 1991 717 2063 quae
743 1977 881 2063 puncta
909 1967 1058 2064 cylclois
1087 1967 1198 2041 debet

159 2080 326 2152 transire.
381 2080 475 2154 Quae
486 2092 542 2153 est
560 2080 757 2176 descriptio
775 2080 962 2177 cycloidis.

209 2191 485 2264 Consectarium
519 2191 689 2288 primum.
752 2191 990 2266 Manifestum
1016 2191 1103 2265 hinc
1129 2203 1197 2284 est,

159 2327 264 2376 arcus
299 2328 425 2377 omues
443 2329 505 2394 aa,
532 2304 593 2397 pb,
620 2330 680 2402 pc,
706 2328 821 2401 usque
855 2306 904 2379 ad
933 2329 1060 2380 arcum
1094 2306 1198 2380 semi·

159 2417 287 2489 circuli
305 2418 387 2507 GF,
405 2442 484 2491 esse
502 2418 540 2491 in
558 2419 701 2492 ratione
718 2419 896 2493 contiuua
912 2419 1156 2494 arithmetica.

210 2530 486 2604 Consectarium
513 2531 727 2605 secundum.
793 2531 1031 2606 Manifestum
1055 2556 1198 2629 quoque

160 2653 226 2731 est,
245 2643 276 2714 si
292 2643 416 2738 plures
438 2645 571 2716 fierent
594 2643 801 2734 divisiones,
826 2646 1092 2719 accuratiorem
1120 2644 1199 2719 fore

161 2755 375 2850 cycloidem,
411 2758 553 2830 ratione
587 2758 819 2831 arithmetica
851 2782 995 2854 semper
1031 2767 1198 2832 servata:

161 2882 198 2941 et
225 2868 395 2965 denique,
424 2869 455 2942 si
480 2894 586 2943 arcus
615 2870 835 2944 ducerentur
864 2872 994 2945 eadem
1027 2870 1201 2945 methodo

162 2992 219 3054 tot
249 2995 340 3077 quot
370 2982 454 3055 duci
483 2983 656 3078 possibile
685 2995 752 3074 est,
795 2984 1011 3081 impleretur
1041 2985 1201 3081 spatium

160 3096 310 3192 planum
325 3097 628 3192 comprehensum
641 3096 782 3170 duabus
796 3097 902 3170 lineis
919 3096 1051 3186 curviS,
1069 3118 1201 3194 nempe

161 3233 249 3281 arcu
285 3209 504 3282 semicirculi
532 3210 609 3298 GF,
640 3224 679 3282 et
708 3210 807 3283 linea
834 3209 999 3307 cycloide
1026 3209 1139 3299 ΜΒ,
1162 3221 1201 3283 et

162 3322 318 3419 denique
342 3334 445 3395 recta
468 3322 554 3396 BG.

523 3532 773 3585 PROPOSITIO
793 3534 840 3586 11.

213 3662 379 3758 Spatium
397 3662 585 3735 trilineum
604 3660 786 3734 inclusum
809 3660 974 3760 cycloide
996 3673 1034 3736 et
1060 3661 1201 3735 duabus

163 3776 272 3849 rectis
291 3776 371 3863 BG,
390 3775 467 3864 (ΞΡ,
479 3775 625 3870 oequale
642 3785 698 3847 est
721 3775 951 3848 semicirculo
968 3774 1127 3848 ABCD.

214 3888 309 3961 Nam
344 3912 451 3962 arcus
485 3890 608 3977 GHF,
635 3887 696 3976 λί,
724 3889 790 3978 xlc,
817 3888 866 3978 ri,
893 3888 958 3977 θΙι,
995 3900 1033 3960 et
1066 3888 1202 3975 caeteri,

164 4002 365 4075 secundum
382 4003 563 4076 rationem
580 4001 850 4075 arithmeticam
866 4013 1045 4097 perpetuo
1059 3999 1204 4075 decres-

164 4127 301 4203 centes
343 4115 502 4210 aequales
537 4126 624 4187 sunt
658 4114 815 4187 totidem
851 4114 1008 4187 arcubus
1043 4114 1204 4188 semicir-

164 4228 332 4300 culorum
385 4228 549 4324 integris,
601 4227 793 4323 descriptis
826 4252 849 4301 a
885 4227 1006 4316 radiis
1049 4251 1204 4324 quorum

165 4340 345 4414 maximus
372 4339 521 4436 quidem
548 4350 644 4413 esset
670 4340 751 4428 EG,
779 4341 903 4415 caeteri
927 4363 1013 4414 vero
1047 4341 1205 4414 minores
