2946 5010
269 1000 697 1085 PROBLEMATA
743 997 1023 1084 PHYSICA.

339 1589 618 1642 PROBLEMATA
638 1591 691 1642 DE
712 1590 961 1642 GRAVITATE.

179 1715 226 1790 A.
254 1718 477 1794 anunnn
508 1731 617 1814 putas
647 1742 725 1791 esse
751 1741 858 1813 posse
888 1740 1049 1804 causam,
1071 1717 1170 1812 quod
1232 1757 1300 1798 cn».
1317 1755 1336 1796 1.

130 1830 269 1927 lapides
286 1831 428 1926 aliaque
442 1855 597 1928 corpora
615 1831 804 1905 terrestria
820 1831 859 1902 iu
871 1831 986 1903 altum
1006 1831 1171 1926 projecta
1200 1823 1358 1941 ffi-

131 1945 206 2017 sive
224 1958 363 2033 evecta,
380 1957 418 2018 et
436 1945 521 2018 dein
549 1945 717 2033 demissa,
741 1943 789 2018 ad
815 1955 952 2017 terram
968 1966 1094 2016 rursus
1110 1941 1171 2015 de·

131 2058 322 2146 scendunt,
353 2057 463 2154 idque
500 2060 695 2153 (quantum
729 2057 878 2149 scimus)
916 2080 982 2129 sua
1011 2053 1171 2151 sponte?

132 2169 303 2260 Credere,
332 2194 416 2243 cum
442 2171 668 2268 philosophis
699 2170 870 2266 antiquie,
901 2169 999 2266 quod
1033 2181 1173 2242 terram

131 2295 256 2356 ament
273 2284 330 2356 vel
348 2295 535 2380 appetant,
554 2308 629 2356 uon
646 2307 818 2379 possum:
845 2306 963 2379 neque
987 2281 1087 2377 quod
1107 2306 1174 2378 per

132 2398 400 2470 contumaciam
418 2398 589 2493 aliquam,
608 2397 815 2470 desinentes
829 2395 1014 2492 progredi,
1026 2417 1175 2468 manere

132 2521 256 2582 tamen
273 2509 413 2592 nolint;
441 2535 525 2582 cum
542 2522 623 2584 tota
640 2511 748 2584 tellus
762 2509 932 2582 fluctuari
950 2509 986 2581 in
998 2532 1082 2582 aere
1099 2530 1175 2581 non

133 2621 364 2717 dedignetur.
391 2622 641 2697 Veruntamen
658 2623 697 2696 iu
713 2647 798 2697 aere
815 2622 907 2695 nihil
925 2645 1044 2717 neque
1054 2620 1174 2711 video,

133 2756 252 2828 neque
269 2735 461 2830 imaginari
475 2759 635 2831 possum,
650 2736 747 2832 quod
764 2736 827 2808 illa
844 2734 1003 2829 dejiciat.

183 2846 232 2919 B.
260 2847 416 2921 Causam
433 2849 623 2944 gravitatis
641 2850 678 2922 in
692 2850 859 2945 appetitu
871 2848 1064 2936 collocare,
1079 2848 1176 2921 insa-

134 2982 222 3032 num
259 2974 327 3032 est.
384 2961 564 3034 Homines
593 2962 704 3049 enim,
733 2963 829 3036 sicut
858 2973 994 3035 caetera
1022 2984 1177 3056 corpora

134 3072 272 3168 gravia,
290 3074 337 3145 ab
355 3073 429 3147 alto
447 3077 653 3149 necessario
671 3075 742 3148 nisi
760 3074 1010 3148 sustineantur
1021 3074 1175 3147 cadunt:

135 3198 174 3258 et
192 3210 280 3259 casu
300 3187 414 3282 (quod
431 3197 555 3261 tamen
579 3189 728 3261 minime
756 3190 950 3285 appetunt)
981 3184 1176 3282 aliquando

135 3314 303 3395 pereunt.
356 3301 514 3373 Necesse
544 3325 632 3397 ergo
664 3312 732 3389 est,
751 3314 792 3373 ut
817 3300 955 3396 gravia,
982 3311 1176 3394 postquam

136 3424 258 3486 motus
275 3436 347 3507 quo
372 3414 615 3508 projiciuntur
633 3413 817 3485 extinctus
834 3412 893 3499 sit,
912 3421 975 3484 aut
992 3421 1176 3498 maneant,

138 3536 202 3597 aut
219 3526 265 3597 ab
283 3548 366 3597 aere
380 3536 480 3598 moto
498 3524 545 3597 ad
563 3536 699 3597 terram
717 3524 933 3597 referantur.
986 3524 1082 3596 Nam
1097 3546 1177 3595 cor-

136 3660 205 3732 pus
229 3661 338 3709 omne
363 3637 460 3732 quod
488 3637 653 3733 quiescit,
673 3637 759 3709 novi
787 3648 908 3709 motus
935 3635 1079 3708 initium
1109 3633 1177 3707 sibi

137 3749 206 3845 ipsi
225 3748 313 3821 dare
331 3772 405 3822 non
433 3761 566 3845 potest.
618 3747 845 3822 Probabilins
873 3771 962 3845 ergo
990 3747 1081 3820 nihil
1109 3758 1176 3829 est,

139 3886 249 3958 quam
267 3860 367 3958 quod
385 3876 507 3934 motus
527 3861 658 3957 aliquis
684 3861 754 3956 ipsi
782 3859 905 3933 telluri
933 3860 1031 3949 insit,
1053 3860 1179 3955 (quem

138 3974 316 4063 homines
334 3986 530 4070 propterea
548 3973 647 4071 quod
663 3986 772 4047 terrae
790 3972 974 4059 insistunt,
992 3973 1179 4068 percipere

139 4111 214 4160 uon
232 4091 416 4183 possunt),
437 4112 509 4183 quo
527 4112 649 4161 aerem
665 4087 808 4160 facilius
826 4111 848 4158 a
866 4110 904 4159 se
927 4087 1046 4181 rejicit
1069 4110 1180 4182 quam

140 4212 275 4273 caetera
303 4224 470 4295 corpora.
525 4202 609 4274 Hoc
633 4201 730 4274 enim
761 4199 963 4295 supposito,
987 4210 1024 4272 et
1050 4210 1179 4295 praete·

140 4337 203 4386 rea
219 4313 317 4411 quod
335 4313 435 4386 locus
453 4338 607 4410 corpore
621 4338 756 4388 vacuus
770 4313 891 4386 nullus
905 4313 963 4403 sit,
982 4313 1180 4386 necessitas

241 4448 335 4500 von.
354 4448 410 4499 ιν.
1051 4448 1080 4500 x
