2946 5010
309 390 358 456 90
525 402 793 457 axammarro
814 404 866 457 av
884 405 1133 458 nnannarro

119 602 269 648 unrocus
305 569 453 669 gratio,
483 567 543 642 ccl
568 595 635 667 qao
663 593 892 644 nummorum
920 570 1243 669 supputandorom
1272 572 1348 646 col-

125 687 268 792 Βξξξζ,
308 683 401 757 lotio
434 683 654 756 commodior
679 684 770 778 fiat,
809 693 849 757 at
885 685 924 758 ia
956 684 1133 783 opposito
1167 686 1347 784 exemplo,

307 794 485 891 ejusmodi
500 795 752 870 redundantes
769 798 918 896 cyphrae
934 796 1151 871 reddantur
1160 825 1176 882 ;

467 957 564 1017 Librae
763 957 856 1020 solidi
1054 959 1178 1020 Denarii

488 1068 524 1122 13
789 1068 824 1123 12
1100 1069 1137 1125 10

486 1159 526 1216 24
785 1161 825 1217 08
1098 1161 1139 1219 06

486 1253 526 1310 05
784 1253 823 1310 04
1097 1254 1135 1309 01

358 1408 439 1497 Nae,
456 1409 518 1482 ille
541 1409 731 1505 elegantiae
754 1409 954 1482 aestimator
975 1408 1168 1505 imperitus
1191 1421 1260 1500 est,
1285 1412 1347 1506 qni

308 1522 454 1595 inutiles
471 1522 560 1596 istas
577 1523 721 1618 ciphras
745 1521 793 1594 ad
816 1521 1038 1618 supplendas
1061 1522 1211 1596 lacunas
1228 1525 1347 1620 praefi-

306 1658 394 1731 gere
411 1635 602 1732 elegantiae
620 1658 698 1708 esse
712 1633 865 1731 judicat.
918 1634 1059 1707 Deinde
1084 1635 1239 1731 paginas
1258 1635 1346 1710 duas

306 1748 458 1822 insumit
474 1748 522 1821 ad
543 1747 803 1821 declarandum
821 1757 991 1821 naturam
1006 1747 1230 1821 fractionum
1249 1748 1347 1822 deci-

306 1861 478 1946 malium;
509 1862 607 1958 quod
638 1861 750 1934 etiam
779 1859 971 1956 imperitiae
1001 1871 1067 1934 est.
1125 1860 1219 1934 Cum
1249 1862 1347 1935 enim

278 1977 282 1983 ’
306 1974 471 2048 locorum
488 1975 629 2048 valores
654 1974 693 2047 in
715 1972 868 2071 integris
893 1973 1096 2068 procedant
1116 1998 1138 2047 a
1161 1974 1245 2047 loco
1268 1975 1347 2047 uni

307 2096 435 2177 tolum,
452 2111 595 2184 semper
617 2110 683 2185 per
709 2094 753 2161 10
779 2085 1068 2182 multiplicando,
1087 2096 1124 2160 et
1149 2086 1347 2162 fractiones

307 2200 501 2275 decimales
517 2200 720 2298 procedant
739 2223 763 2273 a
778 2200 860 2273 loco
885 2199 1014 2272 eodem
1032 2199 1226 2290 unitorum,
1252 2224 1347 2275 sem·

306 2339 372 2411 per
387 2338 454 2412 per
474 2323 519 2389 10
541 2311 750 2398 dividendo,
775 2335 1087 2409 supervacaneum
1110 2322 1192 2386 erat
1217 2313 1346 2387 distin-

305 2451 418 2523 guere
435 2427 517 2500 loca
531 2426 660 2499 dextra
677 2436 714 2498 et
731 2424 889 2498 sinistra.
925 2425 1023 2498 Nam
1035 2425 1155 2522 posita
1167 2425 1347 2501 fractione

308 2541 376 2613 hac
411 2538 581 2612 decimali
608 2535 661 2627 fla,
693 2550 801 2611 erunt
830 2537 931 2627 facti,
962 2538 1158 2612 dividendo
1188 2563 1256 2635 per
1291 2549 1346 2626 10,

307 2648 531 2740 ῑῖῑψῂψῆῑῶ,
550 2652 645 2724 sicut
665 2650 799 2746 integri
820 2660 876 2740 10,
899 2659 980 2739 100,
1010 2660 1116 2741 1000,
1136 2651 1227 2725 facti
1253 2653 1345 2726 mul-

304 2765 505 2864 tiplicando
538 2788 604 2860 per
644 2771 699 2852 10,
733 2763 1036 2861 proportionales,
1105 2766 1237 2862 ltaque
1267 2779 1348 2840 tota

303 2882 434 2955 fractio
459 2880 594 2953 valebit
608 2875 839 2961 -ἷθ-ψῑῖῡψῑὲ-ῦ.
898 2878 1074 2952 Similiter
1103 2878 1235 2953 fractio
1266 2880 1346 2953 haec

196 3079 198 3084 ¹
304 2994 345 3078 ᾗ
361 2993 499 3067 valebit
516 2991 744 3075 ἦψῑῗῆψῑῶ-ο.
796 2992 913 3064 Miror
931 3014 1018 3086 ergo
1038 2991 1346 3087 quomodoverba

303 3107 363 3180 hic
390 3108 550 3203 reperire
567 3107 698 3202 potuit,
720 3105 852 3202 quibus
880 3104 958 3177 fere
984 3104 1074 3178 duas
1097 3106 1251 3201 paginas
1277 3108 1345 3180 im-

302 3221 431 3317 pleret.

353 3332 402 3406 B.
431 3333 511 3408 Scis
529 3356 612 3405 eum
635 3355 711 3404 non
732 3331 842 3405 modo
859 3330 1102 3429 professorem
1118 3332 1343 3428 geometria,

302 3447 367 3520 sed
401 3447 512 3520 etiarn
545 3444 843 3519 concionatorem
874 3469 976 3529 esse;
1010 3456 1047 3517 et
1077 3456 1273 3540 propterea
1304 3446 1344 3517 in

302 3561 508 3659 quaerendis
526 3560 645 3633 verbis
662 3557 866 3631 necessario
884 3569 923 3630 et
940 3557 1096 3629 multum
1115 3557 1289 3630 exerceri.

353 3674 403 3747 A.
430 3672 503 3747 Sed
533 3696 600 3744 cur
628 3694 798 3743 numeros
821 3670 1001 3768 integros,
1023 3679 1061 3742 et
1080 3679 1218 3767 portes
1243 3670 1343 3743 deci-

302 3786 419 3859 males
442 3783 717 3881 conjungendas
740 3806 819 3856 esse
847 3783 1000 3871 censuit,
1019 3782 1114 3855 sicut
1130 3782 1169 3854 in
1185 3782 1257 3856 hoc
1275 3806 1342 3855 nu-

301 3923 404 3973 mero
438 3897 538 3987 fecit,
573 3921 682 3994 quem
713 3895 869 3992 exempli
900 3919 1010 3968 causa
1043 3896 1218 3992 proponit
1251 3896 1341 3992 ipse,

303 4016 425 4094 35797
429 4009 501 4084 53?
553 4011 627 4084 Cur
645 4010 757 4083 etiam
768 4017 906 4106 portes
924 4007 1059 4104 delegit
1078 4011 1164 4097 753,
1185 4032 1269 4105 quae
1286 4009 1341 4082 in-

301 4147 417 4196 versae
434 4133 521 4196 sunt
536 4122 763 4218 integrorum
779 4124 850 4202 357
864 4119 876 4190 l
919 4120 1016 4192 Nam
1033 4119 1209 4194 lectorem
1226 4121 1340 4218 impe-

302 4236 415 4308 ritum
445 4260 467 4308 a
497 4235 649 4308 veritate
680 4234 874 4321 abducent,
910 4244 1096 4328 tamquam
1127 4234 1255 4330 regula
1280 4234 1341 4308 illa

302 4348 489 4421 divisionis
501 4370 570 4444 per
592 4356 647 4436 10,
665 4371 739 4420 non
757 4356 851 4420 esset
868 4346 976 4419 aliter
993 4369 1089 4418 vera.
