2956 5018
364 426 680 479 narnnnarrcm
701 428 945 481 numanum.
1152 418 1173 482 5

179 589 227 665 B.
255 591 429 666 Omnino.

179 707 230 779 A.
255 707 528 779 Mathematam
540 705 680 794 studia,
699 731 768 778 non
785 705 891 779 modo
903 730 980 804 pro
997 733 1043 780 ea
1062 733 1173 806 qaum

126 819 167 892 in
184 844 226 892 ce
243 819 378 892 habeat
390 820 561 909 veritate,
574 818 727 891 colenda
742 843 834 909 asae,
854 844 930 916 qua
942 829 1076 910 tamea,
1088 823 1174 921 iprca

119 957 200 1030 per
214 956 255 1004 ae
264 933 462 1030 conspicua
472 942 509 1005 ct
522 932 623 1005 ultra
634 932 878 1028 acepticorum
890 932 1021 1031 litigia
1028 937 1173 1033 posita,

126 1045 288 1117 animani
312 1045 458 1139 reficiet
483 1044 593 1118 valde
616 1054 653 1117 et
680 1044 905 1128 oblectabit;
931 1046 1003 1119 ced
1019 1058 1056 1120 et
1077 1049 1177 1145 quod

126 1182 250 1230 reram
276 1159 437 1231 aliorum
462 1158 665 1256 cognitioni
687 1183 757 1231 aon
780 1183 850 1230 uno
873 1160 1017 1256 quidem
1034 1162 1173 1236 nomine

125 1272 332 1344 cmtdacant
354 1270 611 1345 mulina—ld
635 1272 734 1366 qnod
752 1272 797 1343 de
821 1272 944 1345 studio
968 1275 1169 1348 mathema-

125 1385 211 1458 ticae
229 1385 289 1456 hic
308 1385 412 1472 dicit,
440 1408 563 1457 nonne
589 1384 657 1456 tibi
675 1384 820 1457 videtur
838 1385 911 1458 dici
934 1386 1043 1459 etiam
1063 1413 1171 1485 posse

125 1496 173 1569 de
191 1496 314 1570 studio
332 1496 504 1593 physicae,
523 1495 581 1568 vel
599 1495 744 1582 ethicae,
761 1497 818 1568 vel
842 1497 1013 1593 politicae,
1032 1501 1090 1574 vel
1108 1500 1171 1574 de-

124 1610 238 1706 nique
256 1611 420 1683 scientiae
437 1608 717 1705 cujuscunque?

176 1724 226 1795 B.
253 1723 351 1796 Non.
403 1724 500 1796 Nam
531 1723 760 1796 theoremata
789 1723 962 1820 physicae,
996 1727 1083 1820 quia
1111 1752 1169 1800 ac-

124 1837 245 1909 tiones
263 1837 449 1910 naturales
467 1837 649 1933 pleraeqne
670 1860 816 1909 sensum
834 1837 1007 1932 fugiunt;
1035 1839 1168 1929 ethica,

123 1965 276 2046 propter
285 1950 486 2023 voluntatis
497 1951 669 2022 humanae
679 1950 986 2034 inconstantiam
1004 1952 1167 2047 politica,

124 2076 276 2161 propter
302 2065 433 2136 ethicae
459 2063 750 2159 ignorationem
776 2087 895 2159 pauca
921 2076 1076 2159 possunt
1107 2063 1168 2137 de·

123 2178 334 2251 monstrari.
397 2178 590 2265 Praeterea,
626 2176 738 2247 habet
771 2176 1032 2248 mathematica
1066 2187 1168 2250 certa

122 2291 292 2385 quaedam
306 2302 343 2362 et
360 2289 569 2362 indubitata
583 2288 859 2361 demonstrandi
870 2289 1062 2385 principia,
1076 2314 1166 2397 qua-

121 2403 171 2476 lia
183 2415 271 2476 sunt
281 2402 527 2497 diffinitiones,
539 2401 740 2491 axiomata,
747 2401 977 2499 petitiones;
996 2426 1079 2497 quae
1090 2427 1166 2477 non

120 2515 235 2589 habet
261 2540 380 2612 neque
407 2515 571 2612 politica,
597 2539 715 2610 neque
744 2515 876 2603 ethica,
905 2539 1024 2610 neque
1052 2517 1165 2590 etiam

120 2627 282 2724 physica.
336 2628 461 2703 Quare
480 2627 776 2700 mathematicam
800 2639 906 2700 extra
926 2627 1045 2724 litigia
1061 2653 1165 2724 scep-

121 2741 279 2814 ticorum
298 2742 413 2814 solam
429 2741 590 2813 eminere
607 2752 707 2813 recte
725 2739 826 2812 dicit.

170 2856 220 2927 A.
248 2856 382 2928 Nonne
413 2857 523 2928 etiarn
550 2856 704 2929 rationis
730 2856 837 2929 lineae
865 2854 912 2927 ad
935 2855 1081 2943 lineam,
1106 2856 1164 2930 vel

119 2968 315 3064 cujuslibet
347 2969 609 3063 magnitudinis
640 2969 688 3040 ad
718 2969 827 3041 aliam
858 2968 1163 3062 magnitudinem,

118 3090 246 3169 ᾰκρῑβεω
265 3104 413 3154 sensum
436 3081 558 3177 fugit?
610 3082 735 3154 Potest
757 3095 881 3153 tamen
907 3078 1161 3154 demonstrari.

118 3196 178 3266 An
196 3219 272 3268 non
291 3209 330 3267 et
349 3218 443 3268 verae
460 3195 623 3291 physicae
641 3218 707 3266 sua
723 3195 820 3266 inest
837 3194 985 3282 veritaS,
1004 3218 1088 3289 quae
1105 3194 1162 3267 vel

118 3307 336 3379 affirmative
359 3307 416 3379 vel
437 3307 607 3402 negative
626 3305 810 3378 enuntiari
828 3305 976 3401 potest?
1027 3305 1162 3379 Nonne

118 3417 238 3516 litigat
268 3444 353 3492 cum
383 3420 651 3494 mathematicis
687 3443 761 3492 non
793 3419 912 3490 minus
938 3442 1049 3513 quam
1078 3443 1163 3491 cum

119 3531 338 3627 dogmaticis
357 3535 490 3607 Sextus
500 3534 706 3629 Empiricus
729 3531 939 3628 scepticusi
980 3532 1162 3604 Praeterea

118 3668 193 3718 non
212 3646 332 3720 minus
351 3648 511 3720 oblectat
524 3648 686 3721 animum
704 3646 927 3742 inphysicis,
941 3644 1000 3718 vei
1017 3644 1160 3733 ethicis,

117 3759 176 3832 vel
194 3761 365 3856 politicis,
388 3761 537 3834 inventa
555 3761 701 3848 veritas,
726 3783 835 3855 quam
859 3759 896 3831 in
914 3757 1158 3852 geometricis.

167 3873 217 3945 B.
245 3874 324 3947 Imo
357 3875 497 3969 magis;
523 3887 663 3970 quanto
691 3873 831 3946 scilicet
859 3874 896 3946 in
928 3871 998 3944 illis
1026 3872 1159 3967 saepins

117 4001 273 4075 erratur,
293 4012 403 4082 quam
420 3988 458 4059 in
476 3987 690 4083 geometria.

168 4102 215 4172 Α.
243 4101 366 4172 Etiam
392 4102 582 4189 vocabula,
611 4101 743 4197 quibus
770 4099 808 4172 in
836 4097 998 4196 physica,
1025 4097 1158 4187 ethica,

115 4213 267 4309 politica
293 4213 512 4310 philosopho
540 4212 718 4286 utendum
740 4222 807 4301 est,
836 4237 883 4285 an
912 4210 1057 4284 definiri
1083 4234 1158 4283 non

106 4325 298 4423 possunt?

166 4440 217 4512 B.
244 4439 413 4513 Possunt.

1210 626 1361 669 Drahonus

1214 707 1356 809 Δρ
