2946 5010
303 397 378 465 258
629 415 683 467 na
704 415 1031 470 anconitanis.

304 576 499 653 demissam
524 581 562 653 in
591 581 783 678 recipiens,
804 595 891 678 post
914 582 1072 656 suctoris
1097 581 1239 677 aliquot
1256 574 1355 652 reci-

303 693 536 789 procationes
565 694 619 767 ita
640 695 784 785 bullire,
808 719 853 768 ac
883 695 914 768 si
943 694 1134 791 supposito
1164 694 1251 789 igne
1277 692 1355 765 fer-

303 815 479 879 vesceret.

355 919 404 991 A.
432 917 476 991 ld
493 943 639 1015 qnoque
664 919 801 994 accidit
821 929 974 1017 propter
991 920 1225 993 velocitatem
1242 917 1353 1007 aeris,

303 1044 348 1104 ut
381 1031 522 1105 dictum
557 1046 625 1121 est,
658 1034 695 1106 in
726 1033 926 1130 recipiente
957 1032 1242 1116 circumeuntis;
1278 1031 1353 1103 nisi

303 1143 400 1218 forte
431 1170 566 1242 aquam
593 1146 706 1236 illam,
741 1147 829 1219 dum
862 1146 982 1234 bullit,
1017 1145 1173 1220 calidam
1203 1167 1353 1240 quoque

304 1280 382 1331 esse
413 1257 709 1355 deprehendatis.
761 1260 858 1332 Nam
887 1259 918 1331 si
947 1259 1039 1331 certi
1062 1280 1222 1331 essemus
1247 1257 1353 1330 illam

303 1370 386 1467 plus
405 1371 599 1462 calescere,
617 1373 690 1446 alia
713 1396 824 1446 causa
848 1371 1082 1468 phaenomeni
1104 1369 1354 1466 excogitanda

304 1495 411 1558 esset.

354 1596 401 1670 Β.
429 1598 520 1687 Imo,
539 1598 631 1671 certi
649 1621 774 1671 sumus
792 1597 891 1694 qnod
904 1622 979 1671 non
995 1597 1078 1694 plus
1099 1596 1249 1671 calescit
1265 1619 1352 1670 sen-

304 1709 470 1783 sibiliter.

354 1822 405 1896 A.
424 1821 692 1919 Quidergotali
703 1847 809 1920 aquae
821 1822 936 1896 motui
943 1821 1111 1895 conferre
1120 1845 1229 1918 posse
1238 1835 1352 1919 putas

302 1937 480 2032 majorem
497 1937 556 2009 vel
574 1937 754 2009 minorem
777 1935 1032 2030 atmosphaerae
1050 1935 1298 2030 gravitatem?

354 2048 404 2122 Β.
432 2048 560 2146 Neque
578 2049 680 2122 illum
697 2061 841 2122 motum
858 2047 1076 2136 attribuunt,
1090 2060 1194 2144 puto,
1212 2060 1351 2123 atmos-

301 2161 449 2258 phaerae.

352 2275 402 2347 A.
430 2274 488 2347 Ab
514 2273 585 2347 hoc
612 2275 865 2371 experimento
895 2271 1129 2346 manifestum
1157 2282 1225 2363 est,
1246 2273 1351 2368 qnod

301 2388 482 2483 recipiens
494 2411 561 2482 per
579 2387 808 2459 exuctionem
828 2385 935 2472 hanc,
949 2409 1060 2481 qnam
1076 2387 1217 2459 vocatis
1239 2389 1349 2476 aeris,

301 2524 377 2574 non
392 2503 435 2574 fit
452 2524 620 2573 vacuum.
661 2500 757 2573 Nam
775 2500 914 2572 moveri
929 2522 1027 2595 aqna
1042 2522 1118 2572 non
1135 2500 1258 2594 potnit
1275 2500 1349 2573 nisi

302 2638 325 2685 a
342 2626 513 2686 movente
531 2614 653 2709 aliquo
672 2627 773 2685 moto
799 2625 836 2686 et
859 2613 1044 2708 contigno.
1098 2614 1227 2708 Itaque
1244 2614 1350 2709 phae-

301 2749 499 2797 nomenum
517 2726 587 2798 hoc
607 2725 957 2798 demonstrationem
976 2726 1235 2821 suppositionis
1253 2750 1348 2800 meae

301 2839 491 2910 continere
525 2838 673 2911 videtur
704 2863 777 2910 non
808 2839 1004 2911 infirmam.
1061 2839 1255 2928 Praeterea,
1285 2840 1349 2913 dic

301 2950 402 3039 mihi,
421 2951 635 3024 bullientem
655 2976 789 3048 aquam
807 2953 994 3047 potuistin’
1014 2952 1256 3048 conspicere?

353 3064 401 3137 B.
430 3065 611 3139 Quidni?

351 3179 399 3251 Α.
428 3178 561 3251 Nonne
584 3179 762 3252 visionem
783 3178 864 3251 fieri
891 3177 1100 3250 concedunt
1124 3180 1246 3266 vestri,
1278 3203 1348 3274 per

299 3291 483 3364 actionem
496 3293 709 3364 continuam
727 3291 772 3363 ab
787 3291 931 3385 objecto
950 3290 997 3361 ad
1011 3291 1183 3362 oculum?
1210 3292 1347 3366 Nonne

299 3409 411 3481 etiam
445 3422 576 3506 putant
610 3410 794 3481 actionem
828 3431 975 3479 omnem
1010 3430 1088 3478 esse
1122 3420 1274 3496 motum,
1306 3422 1348 3482 et

299 3545 445 3594 omnem
480 3536 622 3594 motum
657 3546 736 3594 esse
780 3520 970 3615 corporis?
1024 3520 1219 3593 Quomodo
1253 3545 1346 3617 ergo

297 3635 418 3730 potuit
449 3636 493 3706 ab
525 3634 684 3729 objecto,
713 3657 845 3729 nempe
876 3658 982 3728 aqua,
1018 3634 1065 3705 ad
1100 3634 1225 3707 oculos
1259 3648 1347 3708 tuos

297 3760 419 3821 motus
437 3773 684 3843 pervacuum,
699 3747 737 3819 id
755 3760 811 3819 est
829 3772 894 3843 per
908 3771 1146 3842 non-corpus,
1159 3748 1346 3819 derivari?

347 3859 395 3932 B.
424 3861 508 3932 Non
534 3862 717 3932 affirmant
744 3860 860 3932 nostri
885 3860 937 3931 ita
953 3884 1110 3931 vacuum
1141 3884 1220 3933 esse
1247 3861 1346 3933 reci-

296 3973 412 4067 piens,
432 3985 473 4044 ut
490 3973 612 4044 nullus
631 3973 781 4045 omnino
801 3996 863 4044 aer
881 3973 1031 4044 relictus
1049 3974 1108 4045 sit.

345 4085 391 4157 A.
420 4086 482 4158 Nil
500 4085 613 4157 refert
630 4110 677 4156 an
696 4097 814 4157 totum
834 4086 1013 4181 recipiens
1032 4111 1187 4158 vacnum
1215 4087 1274 4175 sit,
1294 4112 1345 4159 an

297 4222 427 4292 magna
464 4202 541 4293 ejus
577 4223 673 4295 pars.
741 4199 837 4270 Nam
880 4200 1059 4271 utrumvis
1100 4212 1344 4295 supponatur,

295 4309 474 4384 derivatio
489 4325 610 4385 motus
624 4314 668 4384 ab
683 4312 828 4407 objecto
843 4312 889 4384 ad
908 4312 1055 4385 oculum
1073 4313 1343 4409 intercipietur.
