2946 5010
257 402 327 471 188
470 415 741 470 uxamrnarro
760 414 813 468 nr
831 413 1080 469 nunnnamo

60 611 214 654 mamona
305 581 355 656 Α.
381 581 567 657 Extantne
600 593 871 680 geometrarum
901 581 1031 668 literae,
1065 579 1197 677 quihus
1230 601 1294 674 ge-

253 696 408 770 ometria
442 696 691 770 hoecWalhsii
708 695 993 792 comprobatur?

302 808 353 882 B.
379 808 519 883 Extant
552 808 713 905 quidem,
741 807 852 881 editae
885 808 931 881 ab
957 806 1145 890 Wallisio;
1178 805 1295 878 altera

254 920 430 1017 Hugenii,
449 921 564 995 altera
577 922 701 995 nescio
719 923 836 1018 cujus,
854 919 919 993 sed
932 919 1062 993 dicunt
1077 918 1191 1015 aliqui
1214 941 1294 991 esse

67 693 212 800 »Σὲ-α

253 1034 479 1124 Schootenii,
492 1035 554 1108 vix
568 1035 712 1108 Latina.
743 1035 925 1108 Praeterea
942 1033 1195 1122 Robervallus‚
1208 1055 1293 1127 pro-

251 1146 370 1221 fessor
391 1147 539 1222 Parisiis
563 1149 832 1237 celeberrimus,
850 1147 1020 1243 idemque
1043 1147 1133 1220 alias
1160 1147 1199 1218 in
1229 1145 1293 1219 de-

251 1261 582 1335 monstrationibus
623 1261 782 1359 propriis
815 1260 905 1334 satis
943 1272 1085 1350 cautus,
1117 1260 1293 1334 chartulae

253 1373 445 1470 cujusdam
468 1374 728 1470 manuscriptae
743 1372 967 1470 exemplaria
984 1373 1126 1469 aliquot
1153 1373 1192 1446 in
1219 1374 1295 1445 Au·

251 1485 365 1583 gham
381 1486 596 1578 transmisit,
608 1488 730 1584 inqua
741 1486 949 1560 doctrinam
960 1486 1006 1560 de
1020 1486 1293 1582 comparatione

251 1598 509 1696 parabolarum
539 1610 577 1673 et
606 1599 826 1673 conoideum
854 1622 902 1673 ex
930 1599 1002 1673 illis
1030 1599 1211 1674 factarum
1245 1598 1293 1671 ad

250 1711 592 1809 parallelogramma
625 1729 664 1785 et
694 1711 881 1810 cylindros
918 1710 1225 1808 circumscriptos,
1252 1711 1292 1783 in

251 1825 491 1899 hoctractatu
501 1824 562 1898 De
573 1824 819 1899 Arithmctica
829 1824 1063 1920 Ipfinitoram
1075 1825 1291 1922 expositam,

250 1950 365 2035 negat
379 1939 427 2012 ah
443 1938 610 2013 Wallisio
637 1939 769 2035 primo,
788 1939 853 2013 sed
880 1963 903 2012 a
929 1961 969 2012 se
996 1938 1183 2012 inventam
1213 1962 1292 2012 esse

251 2051 391 2125 asserit.
444 2051 557 2127 Quod
573 2075 648 2125 non
665 2051 812 2126 fecisset
842 2051 913 2125 nisi
939 2051 1147 2126 doctrinam
1176 2052 1292 2148 ipsam

251 2188 376 2238 veram
394 2187 473 2237 esse
490 2165 702 2239 censuisset

301 2277 353 2350 A.
380 2276 593 2351 Mirandum
610 2300 685 2351 non
704 2289 762 2350 est
779 2276 810 2350 si
826 2275 891 2366 illi,
913 2277 977 2374 qui
995 2277 1192 2351 maximam
1204 2301 1292 2373 ope-

251 2413 333 2464 ram
350 2390 389 2463 in
403 2413 447 2462 eo
461 2400 662 2486 posuerunt
678 2402 721 2463 ut
738 2389 920 2464 rationem
944 2412 1051 2464 arcus
1068 2389 1117 2463 ad
1146 2388 1292 2462 radium

252 2502 300 2576 ad
317 2525 490 2575 numeros
508 2502 740 2591 reducerent,
759 2502 974 2577 methodum
1000 2503 1095 2576 hanc
1118 2502 1290 2598 symboli-

253 2640 334 2693 cam
352 2617 498 2688 incaute
511 2614 669 2711 amplexi
682 2615 767 2688 sint.
819 2615 893 2688 Sed
909 2626 953 2688 ut
966 2614 1216 2701 RobervalluS,
1228 2614 1290 2709 qui

253 2740 525 2824 geometrarum
543 2729 683 2825 primus
701 2752 778 2801 esse
796 2729 874 2802 vult
891 2739 928 2802 ct
955 2728 1032 2802 fere
1062 2739 1129 2816 est,
1146 2728 1289 2823 paralo-

248 2841 385 2938 gismos
402 2852 479 2914 tam
503 2864 642 2914 crassos
660 2840 784 2915 videre
814 2867 890 2915 non
918 2841 1093 2938 potuerit,
1123 2841 1290 2937 profecto

248 2954 457 3029 mirandum
472 2965 539 3028 est.

298 3067 348 3141 B.
375 3069 501 3142 Habet
519 3069 588 3142 hoc
605 3068 790 3164 peculiare
807 3067 1068 3141 Robervallus:
1087 3090 1171 3140 cum
1189 3090 1291 3163 egre·

247 3181 350 3278 gium
377 3182 459 3279 quis
487 3206 571 3256 asc
599 3182 791 3255 inventum
820 3181 1011 3254 theorema
1034 3181 1073 3253 in
1099 3181 1289 3276 publicum

248 3295 423 3385 emiserit,
440 3306 482 3369 ut
499 3296 624 3370 statim
643 3295 846 3369 distributis
864 3294 1042 3368 chartulis
1065 3294 1165 3367 dicat
1192 3294 1290 3367 idem

248 3433 271 3481 a
301 3431 339 3481 sc
363 3409 554 3481 inventum
585 3431 663 3481 csse
696 3407 809 3504 prius.
862 3408 991 3504 Itaque
1020 3408 1210 3480 theorema
1244 3406 1291 3478 de

248 3521 365 3594 solido
376 3520 624 3618 hyperbolico,
638 3522 828 3593 inventum
842 3519 1083 3609 aToricelli0‚
1096 3533 1290 3616 postquam

249 3646 345 3706 esset
359 3634 498 3707 editum
518 3633 566 3708 ad
580 3657 619 3707 se
632 3633 779 3729 rapuit;
807 3646 844 3706 et
870 3657 969 3706 nunc
998 3635 1216 3707 methodum
1244 3634 1289 3706 de

248 3747 524 3843 comparatione
538 3746 849 3843 paraboloideum,
868 3745 1005 3818 editam
1023 3770 1046 3818 a
1071 3747 1237 3820 Wallisio
1252 3759 1290 3820 et

249 3859 326 3933 solo
344 3860 509 3933 Wallisio
527 3859 688 3956 dignam,
708 3883 811 3932 suam
827 3858 955 3931 haberi
983 3857 1153 3932 incautus
1183 3861 1287 3956 petit.

249 3972 351 4045 Idem
370 3973 573 4059 Hobbium,
591 3974 655 4070 qui
672 3972 921 4068 aequalitatem
938 3971 1036 4044 inter
1053 3972 1223 4068 spiralem
1251 3984 1289 4042 et

247 4085 495 4179 parabolicam
512 4086 653 4182 primus
670 4084 775 4174 vidit,
794 4083 880 4179 quia
896 4084 975 4178 ipse
1003 4084 1158 4160 eandem
1187 4083 1287 4180 prius

249 4195 563 4273 demonstraverat
581 4197 741 4294 appellat
756 4196 987 4294 plagiarium.
