2946 5010
367 365 435 430 134
579 375 849 428 nxuuruurro
867 375 919 426 nr
938 375 1187 428 nununumo

181 571 330 614 unrocus
413 543 461 617 B.
490 543 529 617 Si
549 542 705 616 extremi
728 552 974 631 assumantur,
1001 553 1160 638 quatuor
1187 564 1273 616 cum
1297 542 1407 615 semi-

233 653 274 693 rv.

180 725 322 762 n-a-u

363 658 478 731 toui0.

415 770 463 844 Α.
490 770 524 842 Α
542 768 670 864 quinto
687 768 923 840 edoctorum
940 767 1055 863 quot?

413 896 463 968 B.
491 895 530 967 si
542 894 671 967 itidem
682 894 836 966 extremi
849 905 1101 983 numerentur,
1113 904 1188 967 tres
1202 918 1287 967 cum
1298 895 1407 968 semi-

364 1009 478 1082 tonio.
530 1006 768 1080 Intercedunt
784 1017 907 1078 autem
929 1006 1026 1079 inter
1043 1007 1157 1080 imum
1181 1018 1219 1081 et
1236 1008 1409 1105 quintum

366 1121 446 1195 toni
457 1120 530 1194 duo
545 1132 584 1193 et
600 1120 835 1193 semitonium
849 1150 859 1202 ;
876 1119 973 1191 inter
987 1119 1157 1215 quintum
1170 1131 1207 1193 et
1224 1131 1407 1206 octavum,

366 1227 476 1309 tonus
493 1245 530 1308 et
550 1232 796 1320 semitonium,
814 1249 851 1305 et
867 1255 1031 1306 summus
1053 1243 1164 1306 tonus
1185 1233 1297 1329 duplo
1323 1257 1409 1307 ocu-

366 1351 439 1423 tior
456 1362 513 1422 est
531 1370 641 1442 quam
659 1346 765 1418 imus.

418 1462 467 1536 Α.
496 1459 690 1535 Quomodo
708 1470 832 1530 autem
850 1458 1074 1532 conveniunt
1096 1458 1176 1532 haec
1201 1483 1287 1533 oum
1310 1483 1410 1533 com-

367 1575 549 1672 positione
575 1573 727 1646 retionis
749 1571 998 1668 sesquialterae
1023 1586 1062 1646 et
1092 1571 1334 1668 sesquitertiae
1362 1572 1410 1647 od

368 1685 575 1760 faciendam
592 1686 771 1759 rationem
789 1684 965 1779 duplam?

419 1800 468 1873 B.
495 1798 642 1887 Nescio,
660 1798 730 1871 nisi
748 1798 932 1870 rationum
955 1797 1054 1894 apud
1077 1799 1235 1872 musicos
1261 1810 1300 1871 et
1323 1823 1410 1896 geo-

370 1926 506 1987 metras
524 1913 668 1985 diverso
685 1912 733 1983 sit
751 1911 988 2006 computatio.

424 2027 472 2100 A.
498 2025 624 2099 Videri
658 2023 737 2097 vult
779 2024 937 2119 scriptor
979 2022 1039 2096 hic
1081 2026 1243 2099 omnium
1277 2026 1412 2100 artium

371 2140 512 2236 peritus
531 2162 622 2227 esse,
633 2161 717 2210 cum
736 2137 783 2209 sit
801 2136 963 2209 omnium
979 2135 1126 2232 quidem
1144 2139 1280 2211 artium
1298 2139 1412 2236 impe-

372 2253 465 2326 ritus
478 2285 487 2337 ;
514 2253 669 2325 duarum
685 2261 821 2336 sutem,
835 2272 925 2345 quas
941 2249 1147 2344 profitetur,
1162 2251 1359 2347 theologiae
1375 2262 1412 2324 et

373 2366 584 2462 geometriae
601 2362 907 2459 imperitissimus.
960 2361 1070 2443 Quod
1086 2365 1198 2437 habet
1217 2365 1351 2439 deiude
1369 2366 1413 2441 de

373 2479 566 2551 rationiso
589 2478 730 2549 ratione
754 2476 951 2564 ablatione,
976 2500 1085 2571 quam
1114 2478 1175 2551 hic
1205 2491 1314 2553 vocat
1343 2496 1413 2571 ἅνηρ

373 2608 500 2679 περισσὸς
529 2589 682 2663 rationis
706 2589 1010 2678 imminutionem,
1028 2615 1094 2686 per
1112 2592 1339 2683 divisionem,
1357 2618 1413 2667 re-

374 2703 522 2797 spondit
540 2727 560 2775 e
578 2703 764 2775 contrario
783 2703 827 2775 iis
852 2727 934 2799 quae
959 2703 1141 2777 habentur
1160 2704 1204 2777 de
1228 2708 1413 2780 rationum

375 2839 456 2910 quae
473 2816 515 2887 fit
531 2840 597 2910 per
614 2817 852 2889 terminorum
872 2817 1216 2912 multiplicationem
1233 2821 1413 2917 composi-

376 2927 474 3000 tione
490 2959 499 3011 ;
525 2953 593 3001 uec
611 2941 755 3025 poterat
775 2929 812 3001 id
830 2953 904 3001 non
922 2929 1056 3002 videre.

429 3039 470 3112 li.
499 3041 571 3113 Sed
589 3055 626 3114 et
652 3042 759 3114 aliter
783 3042 920 3114 rutioa
944 3042 1086 3115 ratione
1111 3044 1254 3116 detrahi
1281 3056 1413 3141 potest,

376 3153 453 3226 sine
472 3154 660 3227 divisione.
704 3154 800 3226 Nem
820 3156 851 3227 si
869 3155 998 3228 retio2
1018 3156 1065 3228 ad
1084 3165 1105 3228 3
1125 3156 1353 3231 detrahenda
1369 3158 1415 3230 sit

377 3292 420 3340 ex
447 3267 747 3356 rationeradm
775 3269 1278 3343 etfiatut2ad3ita4ad
1295 3271 1412 3361 aliam,

377 3390 425 3465 u;
453 3382 521 3454 erit
545 3383 638 3454 ratio
670 3381 815 3454 residua
844 3384 938 3455 ratio
965 3390 988 3454 6
1019 3382 1066 3454 ad
1095 3391 1139 3467 53
1171 3394 1213 3455 ut
1243 3384 1414 3480 expositis

377 3495 537 3567 numeris
555 3507 590 3583 4,
608 3503 644 3583 6,
664 3506 698 3586 5,
713 3495 837 3568 videre
855 3508 922 3568 est.
960 3496 1057 3567 Nam
1074 3496 1256 3570 subducto
1274 3499 1414 3572 ratione

378 3619 397 3680 4
418 3608 465 3681 od
482 3616 518 3696 6,
533 3608 571 3680 id
589 3621 645 3681 est
663 3619 685 3683 2
703 3609 751 3681 ad
769 3618 803 3698 3,
819 3633 864 3682 ex
881 3609 1022 3681 ratione
1037 3619 1059 3680 4
1078 3609 1125 3681 ad
1143 3619 1178 3699 5,
1195 3611 1413 3708 relinquitur

377 3721 471 3794 rotio
490 3729 513 3793 6
531 3721 578 3793 od
597 3730 631 3793 5.

428 3837 475 3908 A.
504 3835 666 3929 Lego—
674 3833 805 3907 Utrum
844 3833 921 3905 hoec
964 3834 1145 3906 rationum
1187 3835 1412 3933 compositio,

378 3947 521 4020 ‹rdditio
537 3947 748 4042 judicanda
765 3946 829 4033 sit,
848 3971 897 4018 on
915 3945 1188 4044 multiplicatio,
1201 3947 1307 4023 houd
1322 3949 1413 4022 sotis

377 4057 523 4130 uidetur
546 4059 651 4157 upml
670 4057 929 4146 arithmeticos,
948 4057 1006 4128 ocl
1027 4059 1138 4131 etium
1154 4064 1412 4158 geometricos,

378 4173 765 4246 canitura-Videtur
777 4173 834 4245 his
847 4172 967 4244 verbis
981 4173 1161 4268 respicere
1174 4172 1223 4245 sd
1236 4174 1410 4262 Cluvium,

379 4284 439 4378 qui
462 4285 524 4377 (tul
545 4287 649 4382 Prop.
665 4296 725 4375 23,
744 4285 798 4359 El.
814 4285 879 4379 vi.)
898 4286 1099 4375 contendit,
1121 4288 1412 4383 compositionem
