2946 5010
309 397 378 465 104
519 410 790 464 uxsnruurro
811 411 862 462 ur
881 409 1130 465 unaunamo

118 603 269 646 numeru
305 577 516 667 dodrantes,
534 589 743 673 caeteraque
759 576 967 674 fragmenta
989 576 1090 665 assis,
1116 574 1239 649 minus
1264 599 1353 673 pro-

174 686 220 726 111.

29 792 32 796 Δ
121 753 265 790 θήν-θ

305 692 385 790 prie
401 691 546 765 numeri
563 691 795 788 appellantur
807 690 1012 779 unciarum,
1026 688 1264 779 sententium,
1275 691 1354 778 δια,

306 828 418 903 qnam
440 803 624 892 animalia,
649 827 825 878 numerus
851 803 1075 879 animalium.
1128 802 1258 899 Capite
1289 801 1355 874 de-

306 918 402 992 cimo
420 917 531 991 tertio
548 917 709 991 traditur
725 917 947 991 fractionum
961 915 1240 991 scribendarum
1257 915 1354 989 ratio

306 1031 435 1106 eadem
454 1053 566 1125 quam
582 1029 694 1126 vulgo
711 1030 845 1120 sciunt,
859 1042 996 1127 praeter
1013 1029 1244 1103 notationem
1259 1027 1357 1101 frao-

306 1145 450 1218 tionum
478 1143 781 1240 algebraicarum,
818 1167 909 1240 quas
936 1166 1045 1216 nemo
1076 1141 1253 1238 iutelligit
1284 1139 1356 1214 nisi

308 1256 456 1332 aliunde
473 1255 617 1331 doetus.
670 1257 764 1332 Quis
782 1257 880 1330 enim
897 1255 1074 1352 intelligit
1091 1254 1231 1352 quod2
1252 1253 1312 1340 Qu
1329 1285 1349 1322 ÷

310 1411 383 1486 an
407 1410 507 1484 ruem
523 1411 643 1485 vereat
660 1411 761 1507 quon
770 1367 923 1510 3-3-123
952 1409 1023 1482 nisi
1050 1409 1114 1506 qu
1142 1422 1230 1484 ante
1246 1408 1286 1483 u
1304 1409 1358 1484 ‹u-

310 1536 472 1611 dicisset.

362 1650 411 1725 B.
439 1650 514 1723 Sed
534 1674 617 1746 quae
642 1650 772 1747 regula
796 1661 851 1724 est
878 1649 1069 1724 divisionis
1093 1673 1160 1746 per
1177 1649 1357 1747 symbola,

310 1763 508 1839 accurata?

363 1877 412 1952 A.
439 1877 641 1950 Differatur
673 1877 745 1950 hoe
778 1876 827 1950 ad
867 1876 1175 1950 examinationem
1216 1875 1360 1973 Capitis

312 1989 488 2080 vicesimi,
506 1990 631 2080 idest,
649 1991 697 2064 ad
722 1991 846 2064 locum
863 1990 1067 2087 proprium.
1118 1990 1360 2064 Examinetur

310 2106 388 2201 jam
405 2104 527 2200 Caput
547 2103 730 2178 decimum
749 2104 922 2188 tertium;
948 2104 1012 2177 ubi
1035 2103 1156 2200 primo
1179 2103 1263 2177 loco
1281 2127 1361 2176 mo-

314 2216 403 2291 dum
425 2217 536 2290 docet
559 2216 837 2291 demonstrandi
863 2217 1089 2291 additionem
1114 2240 1360 2305 numerorum,

314 2341 357 2403 ut
386 2341 576 2413 vocantur,
605 2329 820 2427 digitorum.
897 2329 1019 2419 Verbi,
1054 2330 1174 2425 inquit
1199 2330 1335 2428 gratia
1346 2357 1361 2415 ,·

316 2452 467 2533 2÷3=5,
485 2442 542 2514 sie
559 2442 846 2518 demonstratur.
902 2443 1094 2516 Ponuntur
1109 2443 1275 2541 primum
1291 2443 1363 2516 duo

309 2564 467 2654 puncta,
484 2563 522 2626 et
540 2554 675 2628 deinde
693 2557 782 2646 triu,
801 2583 883 2654 quoe
900 2557 1031 2647 omniu,
1057 2556 1093 2628 si
1112 2567 1362 2647 numerentur,

316 2667 552 2764 reperientur
587 2668 754 2764 quinque.
823 2671 931 2742 Libet
963 2669 1023 2742 hic
1064 2692 1242 2765 quaerere,
1279 2693 1364 2742 cum

317 2779 417 2852 dicat
435 2780 534 2875 quod
552 2783 788 2879 reperientur
800 2784 973 2880 quinque,
988 2807 1011 2855 a
1028 2807 1100 2877 quo
1119 2783 1363 2878 reperientur.

318 2894 452 2966 Utrum
469 2895 515 2967 ab
534 2918 577 2967 eo
596 2895 659 2990 qui
677 2896 759 2984 scit,
778 2897 835 2968 vel
854 2898 901 2969 ab
923 2921 966 2969 eo
992 2897 1055 2991 qui
1078 2896 1208 2983 nescit,
1227 2896 1302 2969 duo
1326 2906 1363 2969 et

316 3005 389 3079 tria
406 3030 484 3078 esse
503 3007 688 3102 quinque?
742 3008 781 3080 Si
798 3010 844 3081 ab
863 3033 907 3081 eo
923 3009 985 3104 qui
1003 3010 1083 3097 soit,
1102 3008 1140 3081 id
1158 3009 1192 3080 ei
1210 3009 1362 3081 demon-

316 3129 472 3192 stratum
497 3130 576 3192 erat
602 3132 691 3193 tunc
719 3145 804 3194 eum
832 3122 1001 3195 nesciret.
1056 3122 1128 3195 Sed
1155 3123 1218 3217 qui
1241 3123 1363 3219 potuit

317 3235 356 3307 id
379 3235 460 3307 fieri
483 3234 711 3308 numerando
738 3235 784 3308 ab
811 3260 854 3307 eo
877 3235 938 3330 qui
965 3234 1075 3308 sciret
1099 3247 1244 3307 tanturn
1274 3234 1362 3331 quid

317 3360 440 3422 essent
463 3349 535 3420 duo
553 3359 591 3421 et
613 3348 698 3435 tria,
719 3349 887 3421 nesciens
916 3347 1004 3442 quid
1029 3361 1151 3422 essent
1172 3347 1361 3445 quinque?

316 3462 430 3535 Vides
448 3485 535 3557 ergo
552 3473 596 3534 ut
612 3473 784 3557 nugatur.

369 3575 419 3649 B.
447 3574 521 3647 Sed
538 3598 664 3672 perge.

366 3686 413 3760 A.
447 3688 515 3761 Vel
529 3688 598 3761 sic.
645 3687 827 3773 Quoniam
847 3696 967 3759 notum
988 3698 1045 3760 art
1066 3713 1113 3760 eu
1131 3688 1218 3786 ipsu
1241 3713 1363 3761 nume·

318 3823 444 3874 rorum
457 3801 737 3899 procreatione,
757 3825 865 3897 quum
887 3798 1023 3897 Capite
1046 3800 1175 3897 quinto
1199 3801 1363 3875 tradidi-

317 3939 405 4004 mus,
441 3914 541 4010 quod
571 3915 623 3986 sit
648 3922 1008 3987 r÷1=2et2÷1=3
1038 3925 1075 3986 et
1104 3924 1264 4006 4÷1=5,
1294 3915 1361 4009 du.

316 4027 847 4109 ernntetium2÷3=l÷l÷3;
874 4035 1100 4112 et3÷l=43
1128 4037 1340 4103 et4÷r=5.

368 4139 563 4213 Quomodo
582 4152 705 4213 autem
722 4153 852 4213 notum
870 4151 927 4212 est
950 4165 1017 4237 per
1034 4141 1125 4238 Cap.
1139 4167 1173 4215 v.
1194 4142 1297 4237 quod
1315 4143 1362 4214 sit

316 4261 454 4324 4÷1=5
471 4252 482 4322 i
536 4253 634 4325 Num
654 4253 689 4325 id
709 4253 784 4326 illie
803 4252 1100 4327 demonstraturi
1152 4254 1221 4327 Vel
1244 4255 1274 4328 si
1300 4255 1361 4328 de-

317 4375 553 4453 monstretur,
572 4388 617 4437 ex
636 4365 768 4460 quibus
785 4364 999 4461 principiis?
