2946 5010
382 606 434 660 AD
454 602 786 662 ILLUSTRISSIIIUM
805 604 997 660 DOMINUM

304 745 362 826 D.
407 740 767 828 HENRICUM
814 743 1081 827 ΒΕΝΝΕΤ

401 906 615 967 aaronem
636 907 693 964 na
713 905 979 979 Annmeron,

146 1047 342 1089 SERENISSIMO
358 1049 430 1089 REGI
448 1049 556 1089 CAROLO
573 1049 596 1088 II
613 1050 631 1088 Δ
646 1048 790 1088 CONSILIIS
805 1049 844 1089 ET
858 1049 1062 1089 sacaaraawm
1077 1048 1252 1090 parmarum,

121 1289 216 1364 Cum
241 1293 441 1366 senectutis
459 1317 550 1367 meae
578 1291 750 1366 solatium
773 1292 973 1365 maximum
994 1303 1080 1382 tuae,
1098 1292 1267 1366 illustris-

119 1422 209 1495 sime
229 1423 399 1514 Domine,
427 1426 488 1521 opi
517 1425 681 1513 debeam,
708 1424 874 1520 ingratus
904 1447 1023 1498 essem
1049 1424 1120 1498 nisi
1151 1436 1267 1499 tantae

118 1555 248 1649 gratiae
266 1557 463 1652 vestigium
484 1556 644 1652 aliquod,
670 1555 741 1628 etsi
767 1556 976 1643 obscurum,
1004 1568 1130 1629 extare
1160 1580 1267 1630 cura-

119 1711 210 1760 rem.
263 1688 374 1763 Quod
403 1713 487 1762 cum
518 1690 589 1762 alia
615 1713 690 1762 non
715 1712 875 1784 possum,
893 1690 1046 1786 vulgata
1070 1689 1132 1763 via
1161 1691 1268 1764 scho-

119 1819 251 1893 larium
272 1821 380 1912 facio,
400 1822 531 1895 dedico
560 1822 628 1894 tibi
652 1822 827 1913 libellum,
851 1848 926 1896 non
950 1824 1044 1897 male
1069 1836 1265 1915 moratum,

119 1955 184 2027 sed
202 1965 326 2028 tamen
345 1957 586 2030 audaculum:
613 1967 886 2052 geometrarum
910 1958 1009 2031 enim
1026 1970 1145 2032 totam
1162 1959 1266 2032 inva-

120 2089 175 2162 dit
193 2092 391 2163 nationem.
445 2090 557 2179 Quid,
575 2091 730 2186 inquies
745 2092 775 2164 si
793 2091 952 2188 injuste?
1004 2093 1099 2166 Mihi
1118 2093 1266 2190 quidem

119 2225 158 2298 id
176 2225 334 2298 dedecus
348 2249 525 2321 magnum
536 2236 651 2297 esset:
672 2224 736 2299 sed
750 2225 850 2320 quod
864 2226 912 2298 ad
925 2237 974 2316 te,
989 2227 1052 2323 qui
1069 2227 1116 2300 ad
1134 2227 1267 2301 altiora

119 2360 313 2433 institutus
333 2384 383 2449 es,
403 2383 583 2456 quemque
602 2383 744 2433 morum
763 2371 801 2433 et
819 2360 928 2433 officii
954 2360 1030 2449 mei
1057 2385 1145 2458 erga
1170 2362 1266 2459 teip-

120 2516 213 2582 sum,
244 2517 320 2565 non
354 2515 536 2588 nugarum
571 2515 737 2565 mearum
771 2492 1018 2589 inspectorem
1051 2495 1159 2585 facio,
1187 2519 1265 2569 non

118 2629 328 2725 pertinebit.
381 2628 426 2701 In
456 2651 589 2724 magno
619 2627 767 2724 quidem
793 2627 958 2724 periculo
989 2629 1127 2702 versari
1155 2630 1264 2704 video

119 2765 426 2838 existimationem
455 2787 585 2852 meam,
614 2763 677 2859 qui
706 2787 726 2836 a
755 2763 953 2859 geometris
986 2764 1063 2836 fere
1095 2765 1265 2839 omnibus

120 2895 306 2971 dissentio.
359 2897 496 2970 Eomm
528 2896 626 2968 enim
654 2895 716 2991 qui
745 2894 791 2967 de
821 2896 952 2969 iisdem
978 2897 1088 2970 rebus
1118 2921 1265 2972 mecum

118 3031 256 3126 aliquid
274 3030 482 3119 ediderunt,
501 3040 565 3102 aut
589 3028 686 3101 solus
712 3029 855 3101 insanio
882 3053 951 3126 ego
975 3040 1038 3103 aut
1068 3030 1166 3104 solus
1188 3055 1264 3105 non

119 3162 281 3234 insanio:
308 3163 459 3235 tertium
485 3162 584 3234 enim
614 3184 689 3233 non
720 3173 787 3249 est,
810 3161 895 3250 nisi,
922 3161 1021 3257 quod
1045 3161 1143 3235 dicet
1165 3163 1263 3236 forte

119 3293 260 3388 aliquia,
293 3294 517 3367 insaniemus
546 3316 683 3366 omnes.
736 3295 920 3367 Caeterum
954 3295 1032 3366 sine
1062 3294 1188 3392 judice
1217 3294 1263 3370 lis

120 3436 187 3515 est,
222 3425 294 3498 nisi
327 3425 429 3521 quod
452 3424 618 3520 judicem
651 3424 847 3521 aliquando
878 3425 1034 3522 seipsam
1065 3429 1263 3502 constituet

119 3557 284 3630 nondum
317 3557 459 3630 imbuta
491 3555 698 3652 posteritas.
763 3555 890 3629 Videri
929 3558 998 3630 tibi
1032 3558 1173 3633 interea
1205 3559 1263 3632 vir

119 3693 250 3780 bonne,
286 3691 355 3764 etsi
389 3690 567 3787 pessimus
601 3701 803 3786 geometra,
839 3691 926 3764 satis
959 3691 1090 3766 habeo.
1142 3693 1263 3766 Deum

119 3849 252 3923 precor
279 3837 321 3900 ut
349 3837 386 3899 te
410 3825 549 3922 optimo
574 3825 668 3922 Regi
691 3824 900 3899 ministrum
930 3826 1109 3922 optimum
1133 3825 1263 3901 diutis-

121 3961 210 4033 sime
228 3982 444 4033 conservare
461 3958 561 4031 velit.

487 4125 682 4198 Servorum
700 4136 849 4199 tuorum
863 4124 1089 4198 humillimus

857 4284 997 4360 Tuom.
1025 4286 1213 4362 Honaas.
