2946 5010
119 618 270 660 ntsnoous

125 700 269 803 »Ἧι

314 412 384 480 130
528 427 798 481 assumento
819 429 870 481 nr
889 423 1137 481 nunnosrro

310 608 400 657 num
427 585 594 659 continet
619 586 837 660 criticismos
862 609 972 683 super
988 586 1138 659 vocibus
1163 586 1264 658 ratio
1291 608 1355 658 ra

311 697 478 788 tionalis,
506 713 596 782 ῥήτον,
615 713 729 785 ἄλογον,
744 711 871 782 mimos,
882 716 949 770 mae
965 713 1071 792 σχέσις,
1098 698 1353 796 quantuplum,

310 824 398 885 ete:
426 835 583 908 quorum
611 811 891 884 criticismorum
920 812 1062 909 aliquos
1089 812 1255 908 superins
1289 812 1353 884 ab·

312 924 443 998 surdos
469 948 548 997 esse
576 924 814 997 ostendimus.
866 924 996 1019 Itaque
1022 936 1133 1020 caput
1153 924 1223 997 hoc
1246 923 1353 997 dimi-

313 1038 439 1110 sissem
463 1039 552 1133 jam,
570 1038 640 1111 nisi
668 1037 768 1131 quod
794 1037 982 1132 praeterire
1006 1061 1082 1110 uon
1102 1038 1235 1133 placet,
1255 1037 1354 1133 quod

313 1150 404 1224 dicit
421 1149 617 1223 Euclidem
642 1150 790 1248 quidem
807 1151 845 1223 in
862 1149 1056 1223 Elementa
1078 1150 1216 1223 decim
1234 1151 1353 1223 ratio-

312 1263 419 1337 nales
437 1263 637 1361 appellare
654 1263 786 1352 lineas,
804 1288 886 1362 qua
902 1263 1077 1361 potentia
1102 1274 1243 1337 tantam
1269 1274 1354 1336 sunl

312 1374 682 1449 commensurabiles:
712 1400 834 1448 aeram
863 1373 956 1448 alibi
988 1399 1058 1448 non
1091 1401 1181 1449 raro
1214 1376 1355 1450 obtinet

312 1489 519 1563 rationalia
546 1498 687 1561 tantam
720 1513 767 1562 ea
796 1488 885 1578 elici,
910 1514 987 1584 que
1016 1498 1055 1561 et
1079 1504 1218 1581 σύμμετρα
1243 1500 1328 1563 sant
1339 1518 1354 1573 ;

312 1613 354 1676 at
376 1600 539 1700 proinde
567 1601 620 1673 sit
649 1616 756 1688 moyn
778 1600 855 1673 siae
878 1618 1007 1691 ᾶῤῥηων,
1034 1610 1145 1698 atque
1173 1614 1352 1693 ἀσύμμετρον.

313 1715 400 1788 Nou
418 1714 515 1788 enim
537 1725 628 1809 puto
651 1725 717 1786 aut
736 1711 927 1786 Euclidem
942 1736 1108 1808 usquam,
1126 1725 1189 1786 aut
1205 1736 1353 1808 geome-

312 1840 410 1901 tram
443 1827 556 1899 alium
590 1849 855 1923 quemcunque,
874 1842 990 1909 sitnm
1019 1837 1058 1898 et
1086 1837 1258 1916 ἀσύμμετρον
1286 1849 1352 1921 pro

313 1940 442 2015 eodem
460 1962 663 2035 usurpasse.
715 1938 801 2011 Non
827 1961 915 2033 ergo
940 1938 994 2010 illi
1021 1937 1246 2010 credendum
1262 1962 1351 2028 esse,

312 2054 384 2126 nisi
414 2054 605 2126 authorem
633 2062 671 2125 et
695 2052 817 2125 locum
843 2051 1072 2125 indicaverit.
1124 2051 1218 2125 Quis
1244 2053 1351 2141 enim,

313 2168 377 2264 qui
410 2167 640 2239 Elementum
667 2163 850 2237 decimum
879 2165 1022 2260 legerit,
1046 2164 1163 2237 nescit
1192 2165 1353 2238 infinitas

312 2303 466 2352 numero
484 2302 563 2352 esse
578 2278 801 2374 quantitates
824 2278 921 2350 iuter
938 2301 977 2351 se
995 2279 1351 2367 commensurabiles,

312 2417 395 2490 quae
411 2404 534 2465 tamen
551 2393 625 2464 siut
642 2390 871 2464 irrationales
885 2417 894 2474 ;
914 2402 1110 2488 propterea
1127 2391 1226 2486 qnod
1243 2405 1352 2484 τῇρηιῃ

311 2505 505 2580 arbitrario
552 2515 709 2600 sumptae
753 2503 1099 2577 commensurabiles
1137 2526 1214 2576 non
1253 2516 1350 2576 suut.

312 2619 399 2692 Pars
416 2618 525 2711 hujus
543 2616 674 2711 capitis
700 2616 840 2711 reliqua
865 2616 1029 2689 continet
1051 2627 1196 2711 partem
1214 2640 1351 2701 eorum,

312 2754 394 2825 quae
424 2730 536 2802 habet
565 2727 711 2802 Cluvius
742 2728 790 2802 ad
818 2729 929 2801 finem
955 2729 1136 2802 Elemeuti
1162 2729 1281 2824 quinti
1308 2729 1351 2801 de

313 2842 569 2916 distributione
603 2843 786 2914 rationum
818 2842 856 2913 in
885 2865 968 2915 suas
997 2842 1149 2939 specieS,
1178 2843 1352 2916 nimirum

311 2953 559 3051 multiplicem,
600 2952 919 3050 submultiplieem,
955 2954 1350 3051 superparticularem,

311 3069 656 3167 superpartientem,
675 3081 745 3140 etc.
798 3067 989 3139 Praeterire
1017 3080 1141 3139 autem
1170 3091 1247 3140 non
1269 3093 1352 3164 pos-

312 3206 392 3255 sum
417 3184 529 3256 verba
557 3184 635 3278 ejus
661 3182 752 3269 haeo,
770 3178 826 3250 Et
844 3179 991 3276 quidem
1021 3181 1111 3275 ipsa
1130 3180 1351 3275 fractiones

310 3296 407 3369 nihil
421 3296 528 3369 aliud
542 3306 627 3368 sant
640 3318 749 3391 qaam
766 3295 943 3366 rationes.
981 3293 1077 3366 Nolo
1092 3294 1228 3367 diutius
1243 3307 1351 3390 neget

311 3433 350 3482 se
368 3410 596 3505 quatientem
615 3407 737 3480 dicere
760 3406 928 3479 divisoris
955 3430 1032 3479 esse
1049 3406 1096 3479 ad
1114 3407 1349 3481 dividendum

311 3524 504 3596 rationem.
551 3521 682 3617 Neque
699 3521 791 3605 haec,
806 3519 1021 3593 Fraclioais
1042 3520 1167 3619 itaque
1184 3546 1351 3595 numera-

312 3645 373 3708 tor
399 3646 436 3707 et
469 3634 718 3706 denominatur
745 3633 905 3731 perinde
937 3643 1022 3704 saal
1056 3642 1167 3729 atque
1193 3636 1350 3708 rationis

312 3748 534 3821 antecedens
565 3745 620 3817 ael
647 3769 881 3841 consequens.
934 3746 1039 3834 Quae,
1057 3747 1126 3819 etsi
1142 3768 1231 3820 vera
1255 3760 1349 3838 suut,

311 3861 432 3934 verbis
461 3860 557 3933 illius
579 3859 762 3954 prioribus
790 3858 1057 3931 contradicunt.
1109 3858 1242 3956 Neque
1260 3862 1348 3949 haeo,

313 3974 407 4047 Sunt
425 3975 518 4046 enim
534 3972 711 4061 rationes,
733 3997 802 4045 non
827 3972 943 4044 minus
961 3997 1071 4069 qaam
1087 3975 1242 4064 numeri,
1261 3999 1350 4048 aera

314 4088 550 4182 quantitates.
603 4086 700 4157 Nam
731 4086 762 4157 si
790 4086 1011 4181 quantitates
1036 4087 1222 4160 rationum
1250 4088 1350 4162 effari

312 4212 517 4295 cogeretur,
552 4200 795 4272 necessarium
826 4223 904 4271 esse
934 4198 1075 4272 videret
1107 4224 1175 4296 pro
1206 4203 1349 4276 ratione

311 4314 529 4406 aequalitatis
547 4314 711 4408 ciphram
733 4336 881 4408 ponere,
901 4313 939 4384 id
967 4323 1035 4400 est,
1054 4314 1223 4386 confiteri
1252 4314 1347 4410 quod
