2946 5010
478 421 532 473 na
553 422 723 477 norunt
743 425 880 478 nunrs.
1130 414 1206 480 253

211 587 261 661 A.
289 588 399 662 Quod
417 589 447 661 si
464 613 530 686 per
547 591 852 688 omnipotentiam
875 592 1035 665 divinam
1062 593 1206 666 annihi-

160 700 288 789 latum,
306 703 363 774 vel
380 704 508 798 procul
526 704 564 776 iu
581 704 693 777 alium
716 706 840 779 locum
857 706 956 779 ultra
973 705 1096 779 stellas
1113 707 1205 780 fixas

164 815 379 888 translatum
410 828 506 889 esset
534 818 675 891 telluris
707 819 815 915 hujus
847 818 1050 908 dimidium,
1082 843 1205 892 nonne

161 926 280 999 credis
290 938 434 1022 partem
445 929 623 1024 reliquam
637 930 793 1003 eundem
805 944 946 1005 motum
956 930 1205 1003 retenturam?

211 1037 258 1112 Β.
286 1039 417 1128 Credo,
436 1051 474 1113 et
500 1041 602 1136 (quia
619 1042 726 1116 video
745 1067 817 1139 quo
841 1041 976 1136 tendis)
1005 1041 1088 1116 dico
1111 1067 1207 1140 prae-

162 1161 275 1240 terea,
291 1152 359 1224 etsi
372 1153 482 1225 unica
495 1155 573 1249 ejus
588 1165 731 1227 atomus
744 1156 804 1228 hic
814 1155 1094 1252 relinqueretur,
1108 1156 1207 1253 quod

163 1264 274 1337 etiam
291 1264 354 1338 illa
370 1278 515 1339 atomus
533 1267 662 1341 eodem
680 1281 890 1342 moveretur
907 1280 1010 1343 motu
1027 1269 1207 1344 circulari

162 1375 347 1474 simplice.

213 1489 262 1563 A.
290 1491 484 1565 Particulae
511 1515 599 1588 ergo
625 1493 696 1566 illae
725 1508 856 1568 terreae
885 1518 1096 1591 aqueaeque‚
1123 1519 1206 1590 quae

163 1604 239 1676 aeri
255 1616 382 1676 nostro
401 1605 630 1701 interspersae
648 1618 805 1680 vestram
829 1607 970 1679 faciunt
987 1608 1206 1704 atmosphae-

163 1739 253 1806 ram,
273 1717 428 1789 eundem
448 1718 584 1791 habent
601 1718 704 1792 illum
723 1731 865 1792 motum
884 1718 1102 1793 circularem
1119 1720 1207 1793 aim-

155 1826 299 1925 plicem
317 1831 566 1926 congenitum.

216 1941 265 2015 B.
294 1941 511 2017 Necessario
529 1944 707 2041 sequitur.

213 2055 261 2129 Α.
290 2056 474 2153 Siquidem
493 2070 617 2132 autem
634 2057 700 2146 sol,
718 2057 795 2130 sive
805 2057 990 2154 praecipue
1004 2058 1079 2131 sive
1094 2059 1205 2149 solus,

163 2168 362 2264 particulas
385 2170 466 2243 illas
483 2195 505 2244 a
522 2182 622 2244 terra
639 2171 769 2259 elevat,
782 2184 824 2242 ut
841 2170 954 2242 vestri
979 2170 1148 2261 creduut,
1167 2185 1207 2246 et

164 2306 248 2354 cum
265 2281 335 2354 illis
352 2306 445 2378 ego;
473 2282 563 2355 mihi
576 2283 722 2380 quidem
740 2307 814 2356 uon
832 2281 1046 2355 incredibile
1069 2283 1207 2358 videbi·

164 2406 236 2484 tur,
254 2408 392 2492 quanto
410 2420 473 2468 aer
489 2397 660 2493 proprior
678 2407 787 2471 terrae
798 2409 865 2482 est,
879 2409 985 2469 tauto
1003 2396 1106 2470 illum
1125 2422 1208 2496 par·

165 2508 263 2582 tibus
275 2509 405 2583 terreis
423 2533 501 2583 esse
519 2510 729 2606 pleniorem.

214 2621 263 2694 B.
282 2622 446 2695 Dubium
464 2646 538 2695 non
557 2635 623 2697 est.

215 2734 264 2807 A.
282 2734 469 2808 Intellexti
481 2760 570 2834 ergo
581 2736 804 2832 hypotheses
814 2734 1208 2832 meastprimam,quod

165 2849 242 2921 aeri
254 2849 486 2946 interspersae
504 2861 590 2923 sunt
606 2850 796 2946 particulae
815 2848 938 2921 multae
957 2861 1100 2939 terreae,
1114 2874 1209 2946 prae-

166 2959 253 3034 ditae
265 2973 369 3034 motu
386 2962 555 3036 circulari
573 2963 736 3058 simplice
749 2974 977 3036 naturaesuae
992 2964 1207 3059 congenito:

166 3075 375 3165 secundam,
390 3075 486 3171 quod
501 3077 617 3172 major
633 3090 689 3148 est
704 3076 889 3172 quantitas
903 3099 1027 3148 earum
1045 3077 1209 3172 particu-

166 3186 283 3261 larum
313 3189 351 3260 in
378 3213 463 3262 aere
490 3213 604 3286 prope
630 3188 679 3262 ad
705 3204 852 3278 terram,
878 3210 987 3283 quam
1016 3189 1055 3262 in
1078 3213 1210 3263 aerea

166 3312 266 3374 terra
283 3302 491 3375 remotiore.

218 3414 266 3487 B.
295 3415 390 3488 Sunt
431 3416 579 3512 quidem
620 3413 841 3510 hypotheses
883 3410 983 3485 haud
1026 3411 1209 3487 absurdae.

168 3529 297 3601 Restat
313 3540 355 3602 ut
371 3529 543 3602 ostendas
568 3551 694 3601 eorum
718 3550 826 3600 usum
843 3515 892 3599 ad
917 3525 1092 3599 salvanda
1107 3526 1209 3622 phae-

166 3667 325 3716 nomena
342 3667 424 3739 quae
439 3667 537 3716 nunc
557 3643 721 3715 dicturus
739 3665 832 3713 sum.
883 3640 1016 3728 Primo,
1035 3640 1209 3734 qnoniam

168 3755 254 3844 vidi,
272 3757 485 3852 recipiente,
503 3768 546 3828 ut
562 3778 629 3828 nos
654 3753 850 3848 loquimur,
882 3775 987 3847 paene
1015 3752 1207 3842 exhausto,

170 3867 237 3955 vel,
254 3879 296 3940 ut
314 3880 356 3940 tu
373 3869 439 3956 vis,
458 3867 624 3940 suctione
652 3889 749 3962 saepe
773 3862 943 3960 repetita,
965 3862 1208 3952 manubrium,

169 3980 268 4076 quod
290 3979 387 4053 forte
409 3980 577 4054 manibus
601 3980 678 4075 ejus
709 3977 772 4072 qui
799 3986 984 4047 suctorem
1010 3974 1211 4048 revellebat

169 4093 371 4189 elapsum*‚
390 4104 489 4166 retro
512 4091 600 4164 ferri
619 4113 743 4164 versus
762 4086 918 4185 cylindri
940 4087 1208 4161 summitatem:

410 4338 428 4370 ἥ
451 4329 542 4388 Deest
554 4337 595 4386 ert
608 4328 638 4385 in
652 4327 721 4388 edit.
739 4328 811 4386 1661
829 4335 859 4386 et
875 4327 960 4385 1668.
