2946 5010
477 418 531 469 nn
552 418 723 472 unauna
743 419 879 472 nunus.
1128 404 1201 483 257

207 585 256 660 A.
285 584 358 658 Sed
380 597 418 658 et
438 585 628 682 particulae
654 586 738 675 illae,
758 610 840 681 quae
864 587 1096 682 interspersae
1123 591 1199 662 aeri

155 700 209 772 ita
226 710 419 772 moventur
437 712 479 773 ut
496 699 764 795 supposuimus
786 700 903 795 magis
921 698 1097 774 confertae
1115 715 1199 777 sunt

154 811 203 883 ad
233 811 393 884 radicem
425 812 560 884 montis
592 834 701 906 quam
729 811 768 882 in
797 835 952 884 summu.
1005 811 1101 886 Nam
1128 814 1200 887 hoc

155 947 299 1019 quoque
314 925 583 1019 supposuimus,

203 1037 252 1108 B.
280 1036 323 1108 lu
341 1059 404 1108 vas
431 1046 600 1131 apertum
625 1033 826 1107 infudimus
856 1060 1014 1132 aquam;
1040 1039 1079 1112 in
1103 1061 1200 1135 aqua

154 1149 314 1222 fistulam
341 1150 536 1221 statuimus
564 1159 738 1235 erectam,
761 1148 923 1246 longam,
950 1151 1198 1225 exilissimam.

154 1262 436 1336 Observavimus
471 1274 595 1334 autem
628 1283 761 1354 aquam
798 1287 819 1336 e
850 1287 936 1337 vase
964 1265 1129 1360 subjecto
1160 1265 1199 1338 in

154 1387 314 1448 erectam
333 1375 492 1448 fistulam
509 1377 729 1450 ascendisse.

204 1489 253 1558 A.
281 1486 360 1559 Neo
379 1487 522 1560 mirum.
575 1489 672 1561 Nam
700 1489 930 1585 superficiem
959 1514 1063 1586 aquae
1084 1491 1200 1586 parti-

153 1601 246 1673 culae
263 1601 339 1673 aeri
357 1600 590 1696 interspersae
607 1625 783 1697 aquaeque
798 1603 994 1699 contiguae,
1008 1616 1114 1676 motu
1132 1628 1198 1678 suo

153 1713 420 1797 verberabaut;
448 1713 499 1786 ita
528 1726 571 1786 ut
600 1738 696 1810 aqua
721 1738 796 1787 non
823 1716 944 1810 potuit
972 1716 1010 1788 in
1036 1716 1198 1789 fistulam

152 1852 227 1900 non
259 1826 468 1916 ascendere,
488 1838 526 1899 et
550 1826 771 1900 sensibiliter
797 1826 945 1922 quidem
973 1829 1012 1900 in
1037 1829 1198 1902 fistulam

151 1940 259 2012 valde
276 1951 482 2034 angustam.

202 2052 250 2126 B.
278 2054 458 2126 Revertor
487 2054 535 2126 ad
563 2055 808 2150 phaenomena
838 2054 1018 2128 machinae
1049 2065 1197 2128 nostrae.

154 2167 193 2239 Si
212 2167 292 2261 quis
315 2180 400 2262 post
425 2167 680 2262 impulsionem
707 2166 1022 2262 revulsionemque
1041 2167 1198 2239 suctoris

153 2279 346 2374 aliquoties
377 2281 585 2375 repetitam,
615 2279 850 2376 epistomium
883 2280 1031 2376 superui
1066 2279 1196 2351 orificii

153 2393 363 2488 recipientis
393 2404 548 2466 conetur
570 2394 775 2482 extrahere,
796 2394 960 2467 inveniet
983 2393 1074 2468 illud
1089 2391 1198 2465 valde

153 2505 349 2601 gravitare,
374 2519 550 2601 tanquam
572 2507 602 2578 si
628 2507 828 2578 multarum
853 2506 1029 2579 librarum
1052 2504 1199 2602 pondus

153 2621 200 2693 ab
218 2644 262 2693 eo
280 2618 468 2715 penderet.
522 2619 629 2692 Unde
644 2619 826 2714 contingit
842 2616 942 2692 hoc?

204 2733 254 2805 A.
281 2733 339 2804 Ab
368 2732 473 2820 aeris,
506 2733 570 2828 qui
597 2746 653 2805 est
683 2733 722 2805 iu
753 2732 967 2827 recipiente,
997 2731 1198 2805 fortissimo

155 2856 291 2919 conatu
324 2844 505 2933 circulari,
537 2844 636 2919 facto
666 2869 689 2918 a
715 2844 877 2918 violento
908 2845 1076 2941 ingressu
1104 2844 1201 2917 aeris

155 2961 252 3033 inter
285 2958 514 3054 superficiem
550 2959 706 3032 suctoris
741 2982 941 3031 convexam
976 2971 1013 3030 et
1042 2957 1200 3054 cylindri

155 3095 368 3160 concavam,
391 3083 569 3166 generato
599 3096 666 3168 per
687 3073 857 3144 iteratam
885 3071 986 3144 illam
1011 3071 1199 3167 impulsio-

155 3210 239 3258 nem
265 3184 578 3282 revulsionemque
602 3184 769 3271 suctoriS,
788 3208 898 3280 quam
915 3207 979 3255 vos
1006 3206 1200 3279 perperam

154 3298 294 3371 vocatis
323 3296 555 3370 exuctionem
581 3299 687 3370 aeris.
749 3297 845 3370 Nam
876 3310 1029 3393 propter
1057 3307 1201 3368 naturae

155 3409 435 3508 plenitudinem,
450 3411 681 3506 epistomium
702 3410 846 3483 extrahi
863 3434 939 3483 non
956 3421 1091 3504 potest,
1110 3408 1199 3503 quin

155 3549 228 3616 aer,
249 3524 312 3620 qui
330 3537 386 3596 est
404 3523 442 3596 in
461 3524 662 3619 recipiente
685 3524 877 3619 epistomio
903 3522 1109 3616 contiguus,
1126 3543 1201 3592 uua

157 3636 403 3711 extrahendus
433 3635 490 3708 sit.
545 3637 620 3710 Qui
650 3635 797 3732 quidem
828 3658 892 3708 aer
921 3635 953 3707 si
984 3634 1200 3730 quiesceret,

155 3751 327 3824 facillime
351 3751 584 3845 epistomium
611 3761 836 3844 sequeretur.
891 3746 964 3820 Sed
992 3747 1078 3819 dum
1102 3745 1202 3818 velo-

157 3864 300 3937 cissime
335 3863 478 3950 circuit,
506 3866 595 3938 satis
627 3862 821 3936 difficulter
856 3860 1032 3958 sequitur,
1061 3857 1098 3932 id
1134 3872 1201 3948 est,

156 3978 303 4051 videtur
320 3999 398 4048 esse
415 3975 521 4050 valde
540 3976 675 4072 gravis

206 4090 253 4164 B.
279 4089 485 4162 Verisimile
504 4103 571 4162 est.
625 4089 721 4163 Nam
748 4100 792 4161 ut
821 4111 884 4160 aer
911 4110 1028 4159 novus
1048 4085 1086 4157 in
1109 4087 1203 4159 reci-

156 4206 260 4300 piens
277 4204 455 4299 paulatim
473 4203 693 4288 admittitur,
711 4202 821 4275 etiam
847 4211 1084 4296 apparentem
1102 4198 1202 4272 illam

157 4318 377 4414 gravitatem
396 4316 571 4412 paulatim
593 4315 727 4413 perdit.
779 4313 946 4387 Vidimus
963 4314 1053 4386 item
1069 4337 1203 4408 aquam

258 4452 352 4503 von.
371 4451 427 4501 lv.
1081 4447 1101 4497 s
