2946 5010
351 433 931 491 narnunsrroanonrunnn.
1094 420 1162 488 145

172 606 221 679 A.
249 606 334 680 Sive
356 607 479 704 lapsus
502 607 561 696 sit,
588 606 663 680 sive
691 629 867 679 arcanum
894 603 1043 702 aliquod
1074 603 1164 677 artis
1200 624 1349 668 criassus

122 720 345 816 symbolicae,
357 720 432 793 vim
445 732 544 794 certe
556 721 669 794 habet
683 742 829 794 omnem
841 714 1165 792 demonstrationis
1205 707 1349 812 L

121 833 231 928 hujus
242 833 453 907 ulteriorem
465 835 773 908 examinationem
786 832 1023 931 praecidendi.
1048 832 1167 905 Tran-

122 946 285 1020 siliemus
304 946 425 1043 Caput
447 947 674 1021 tricesimum
698 960 883 1044 quartum,
901 958 943 1019 ut
960 945 1060 1042 quod
1076 944 1168 1018 nihil

123 1059 223 1133 uliud
240 1072 298 1132 est
322 1072 457 1156 praeter
483 1060 682 1133 earundem
709 1059 1063 1133 demonstrationum
1085 1056 1168 1132 bre·

122 1173 274 1261 viorem,
288 1183 326 1245 et
342 1173 420 1246 sere
438 1185 556 1247 totam
573 1173 774 1270 symbolice
791 1173 978 1269 scriptam,
994 1171 1169 1268 synopsin

124 1309 272 1359 caecam.
325 1285 446 1383 Caput
468 1287 693 1360 tricesimum
716 1289 886 1384 quintum
909 1297 966 1359 est
986 1284 1169 1359 Elementi

125 1400 245 1496 quinti
278 1401 441 1474 Euclidis
472 1401 737 1474 demonstratio
770 1400 1029 1484 arithmetioa;
1069 1398 1169 1495 quod

124 1512 271 1609 quidem
285 1514 517 1587 Elementum
535 1515 734 1612 symbolice
752 1513 905 1589 cuilibet
923 1524 961 1586 et
977 1513 1053 1586 suis
1071 1536 1170 1610 sym·

124 1626 218 1698 bolis
236 1626 492 1714 transcribere,
508 1627 617 1701 facile
634 1638 700 1700 est.

176 1738 225 1811 B.
253 1738 382 1813 auid?
434 1740 777 1814 Demonstrationes
800 1739 879 1835 ejus
902 1738 1041 1812 nihilne
1068 1739 1169 1812 aliud

124 1865 211 1925 sunt
228 1863 363 1947 praeter
380 1853 684 1949 transcriptioues
702 1853 715 1925 ἒ

175 1967 224 2038 A.
252 1966 338 2038 Non
356 1966 394 2037 id
411 1966 518 2051 dico;
546 1967 612 2040 sed
629 1990 713 2040 eum
738 1966 847 2039 facile
865 1965 914 2038 sit
940 1963 1169 2037 demonstra-

124 2077 245 2151 tiones
273 2078 434 2151 Euclidis
467 2103 543 2152 una
577 2103 662 2153 cum
696 2079 971 2152 definitionibus
1005 2077 1169 2173 ejusdem

124 2191 287 2265 scribere
321 2193 533 2288 symbolice,
568 2194 712 2267 facilius
742 2203 798 2265 est
827 2192 1057 2265 theoremata
1091 2192 1169 2287 ejus

123 2303 260 2376 inferre
278 2327 324 2376 ex
341 2315 529 2400 assumpta
542 2306 621 2379 sine
634 2305 947 2378 demonstratione
962 2302 1170 2399 hypothesi.

125 2417 221 2490 Nam
240 2441 324 2491 cum
341 2429 462 2491 totum
476 2418 569 2492 illud
584 2420 816 2493 Elementum
831 2421 1000 2514 quintum
1018 2443 1063 2492 ex
1081 2419 1171 2492 defi-

125 2530 267 2604 nitione
291 2531 497 2627 dependeat
519 2535 683 2628 ejusdem
702 2534 871 2622 rationis,
898 2533 971 2622 ille,
1001 2535 1171 2629 neglecta

126 2642 340 2717 definitione
382 2646 558 2733 Euclidis,
595 2646 677 2719 loco
713 2648 791 2742 ejus
826 2647 1018 2720 substituit
1050 2647 1168 2720 hanc:

125 2753 327 2853 <equalitas
343 2757 420 2829 siae
435 2757 611 2831 identitas
628 2759 787 2831 rationis
805 2770 862 2832 ast
879 2759 1078 2855 (equalitas
1094 2759 1172 2831 sive

126 2867 306 2942 identitas
335 2878 538 2967 quotarum.
602 2871 745 2945 Deinde
773 2873 984 2967 subjungit:
1007 2882 1118 2970 pata,
1136 2872 1171 2944 si

126 2993 177 3066 sit
196 2967 316 3106 ξεὲ,
342 3004 509 3068 estete:
528 2998 654 3070 azzb:
672 3014 705 3089 β,
723 2995 1171 3095 etcontra;quodnabis

125 3110 199 3184 erit
214 3110 439 3205 definitionis
453 3112 544 3185 loco.
599 3114 787 3203 Similiter,
798 3115 980 3187 rationem
995 3115 1171 3210 majorem

127 3236 165 3297 et
181 3225 361 3298 minorem
379 3225 509 3299 definit
526 3227 599 3299 sic:
627 3226 691 3299 abi
714 3237 848 3325 quotus
873 3228 993 3322 major
1015 3236 1085 3317 est,
1120 3224 1173 3299 ibi

127 3337 229 3410 ratio
247 3340 390 3433 majam·
415 3337 478 3411 abi
495 3340 624 3429 minor,
643 3340 761 3412 minor
778 3350 846 3413 est.

176 3447 224 3523 B.
252 3449 456 3547 Propositio
473 3462 540 3540 est,
559 3451 725 3526 definitio
743 3478 818 3526 non
836 3463 902 3526 est.
951 3452 1172 3547 Quanquam

127 3575 252 3635 autem
277 3563 443 3637 definitio
467 3589 541 3638 non
568 3567 627 3656 sit,
658 3566 722 3639 sed
750 3568 900 3664 propria
929 3566 1062 3663 passio,
1085 3586 1172 3638 vera

127 3688 252 3749 tamen
270 3678 341 3750 erit
356 3677 634 3752 demonstratio.

176 3789 226 3862 A.
253 3792 346 3880 Erit,
369 3790 481 3864 modo
502 3793 582 3888 ipsa
604 3793 724 3888 passio
752 3793 863 3866 fuerit
891 3794 992 3888 prius
1019 3793 1170 3865 demon-

128 3914 256 3976 strata.

180 4013 229 4087 B.
258 4014 518 4090 Demonstrata
535 4028 591 4088 est
613 4017 742 4114 Capite
760 4017 885 4105 xxxiii,
912 4041 978 4114 per
1004 4017 1172 4115 proposi-

130 4126 269 4201 tionem
292 4134 334 4200 16
363 4129 478 4202 Elem.
497 4131 545 4202 vi.
572 4129 747 4218 Eirclidis‚
779 4152 922 4225 nempe,
953 4130 989 4201 si
1018 4138 1173 4226 quatuor

130 4243 362 4336 quantitates
372 4241 527 4338 fuerint
536 4241 851 4341 proportionales,
863 4243 1020 4340 saetam
1038 4242 1086 4314 ab
1111 4268 1173 4317 aa·

230 4376 325 4428 vor..
342 4377 399 4429 ιν.
1050 4379 1072 4430 1.
