2946 5010
316 379 350 434 a,
503 449 904 504 onnnronnnnms.
1153 440 1223 507 251

187 618 292 721 culae,
331 617 438 692 facile
476 619 711 714 persuadeor.
788 620 863 695 Sed
900 620 999 718 quod
1029 621 1067 693 in
1107 623 1228 696 medio

188 731 326 805 aethere
359 754 515 821 sursum,
551 732 733 821 deorsum,
777 758 1069 830 quaquaversum
1103 747 1227 826 motae,

188 869 257 918 nec
282 869 425 939 semper
442 846 567 919 alterae
588 846 712 919 alteris
729 846 940 941 innitenes,
958 848 1156 944 gravitent,
1175 849 1230 922 in-

188 959 430 1055 conceptibile
457 971 523 1032 est.
575 960 693 1056 Ligna
720 973 758 1034 et
787 984 943 1058 corpora
973 974 1108 1034 caetera
1134 986 1231 1059 aqna

188 1072 336 1161 leviora,
355 1072 510 1167 ponderi
527 1085 650 1146 tamen
674 1074 787 1147 totius
804 1075 949 1149 addunt
974 1074 1125 1171 aliquid,
1143 1075 1231 1172 quia

188 1197 386 1282 utrumque
413 1209 547 1282 corpus
572 1211 685 1282 grave
709 1199 777 1260 est.
830 1191 882 1261 At
904 1189 943 1262 in
961 1189 1123 1262 aetherea
1144 1190 1231 1262 sub-

191 1299 336 1387 stantia,
362 1323 445 1394 quae
470 1300 592 1394 gravis
620 1324 695 1373 non
721 1311 788 1389 est,
817 1301 889 1373 nisi
912 1299 1000 1372 dum
1023 1299 1230 1389 subsidunt,

189 1412 374 1506 gravitare
392 1435 466 1483 non
485 1425 649 1508 possunt.
703 1413 898 1487 Quomodo
915 1414 1025 1501 enim,
1040 1413 1129 1487 dum
1156 1438 1232 1487 non

191 1524 397 1613 subsidunt,
415 1526 444 1598 si
462 1526 622 1621 gravitas
650 1536 802 1599 conatus
829 1527 877 1600 sit
908 1525 1090 1616 deorsum,
1109 1525 1233 1600 dicen·

192 1651 254 1709 tur
279 1638 476 1733 gravitare,
508 1649 572 1712 aut
600 1663 723 1712 aerem
756 1639 997 1735 comprimere
1022 1663 1230 1736 quanquam

191 1750 357 1822 laneum?

241 1864 290 1936 B.
318 1863 490 1960 Indigent
508 1864 587 1936 haec
615 1863 853 1938 meditatione
882 1867 1034 1961 majore,
1053 1890 1164 1962 quam
1189 1876 1233 1938 ut

193 1975 314 2050 subito
331 1977 521 2050 assentiar.
554 1977 692 2051 Verum
709 2001 905 2074 pergamus
921 1977 970 2051 ad
980 1978 1233 2074 experimenta

193 2099 330 2180 nostra,
348 2099 390 2161 ut
406 2089 593 2162 videamus
608 2114 654 2162 an
669 2114 789 2163 causae
807 2112 934 2164 eorum
956 2091 1062 2164 reddi
1090 2092 1233 2188 possint

191 2225 258 2297 per
272 2202 541 2298 suppositiones
555 2201 663 2275 tuas?
714 2204 761 2277 Et
777 2203 896 2299 primo
909 2250 959 2262 -

245 2317 294 2388 A.
322 2316 456 2402 Primo,
484 2317 583 2412 ipsas
606 2316 674 2388 tibi
704 2317 972 2413 suppositiones
1001 2316 1118 2390 debeo
1147 2340 1234 2413 pro-

193 2453 331 2525 ponere
361 2442 409 2518 et,
437 2442 480 2503 ut
514 2455 575 2504 eas
606 2429 801 2525 intelligas,
829 2429 1025 2526 explicare.
1078 2429 1186 2503 Nosti
1211 2452 1235 2501 a

196 2541 402 2637 Copernico
446 2542 695 2614 introductam
737 2565 816 2615 esse
855 2541 1087 2637 hypothesim
1126 2541 1233 2630 hanc,

194 2677 325 2748 nempe
343 2665 478 2727 terram
496 2667 600 2727 motu
617 2678 739 2728 annuo
766 2656 967 2752 circumagi
985 2655 1084 2729 circa
1107 2656 1234 2745 solem,

195 2767 247 2839 ita
257 2779 299 2839 ut
309 2768 386 2840 axis
398 2770 476 2864 ejus
489 2792 631 2865 semper
645 2769 715 2841 sibi
727 2768 868 2842 feratur
880 2769 1087 2866 parallelos.
1124 2768 1235 2845 Quod

195 2891 318 2953 autem
332 2881 378 2953 de
394 2905 463 2954 axe
481 2881 585 2969 dixit,
599 2905 727 2955 verum
740 2905 885 2978 quoque
899 2893 954 2956 est
974 2881 1020 2956 de
1038 2883 1139 2956 omni
1163 2882 1237 2956 alia

195 2992 293 3066 linea
306 3005 408 3067 recta
424 2995 462 3066 in
481 3018 634 3090 corpore
648 2994 790 3067 telluris
804 2994 1046 3067 considerata.

245 3107 295 3178 B.
324 3107 408 3179 Scio
427 3108 509 3192 hoc,
527 3119 637 3201 atque
658 3107 894 3204 hypothesim
923 3106 1024 3180 illam
1051 3130 1119 3203 pro
1148 3128 1236 3179 vera

196 3220 322 3293 haberi
334 3220 444 3292 hodie
458 3244 480 3292 a
494 3219 612 3293 doctis
629 3219 706 3292 fere
720 3220 901 3292 omnibus

245 3333 291 3406 A.
319 3335 465 3407 Motum
491 3334 590 3405 hunc
621 3332 782 3429 appellat
814 3334 985 3423 Hobhius
1012 3330 1237 3405 circularem

196 3446 409 3544 simplicem,
437 3448 524 3542 quia
551 3469 659 3519 omne
685 3457 865 3541 punctum
892 3459 1013 3536 terrae,
1042 3444 1128 3517 dum
1157 3454 1238 3517 tota

197 3560 286 3634 facit
303 3584 409 3632 suum
423 3559 612 3648 circulum,
624 3558 800 3632 describit
820 3560 877 3653 (ut
887 3560 934 3631 ab
953 3583 996 3632 eo
1011 3559 1237 3632 demonstra-

197 3684 277 3745 tum
308 3686 364 3746 est
390 3674 483 3745 libro
514 3696 567 3745 nn
598 3695 803 3763 consona,
827 3697 908 3768 cap.
927 3673 965 3746 ii.
983 3683 1053 3745 art.
1072 3675 1104 3766 l)
1130 3695 1237 3745 suum

198 3809 343 3881 quoque
370 3786 559 3859 circulum.
585 3782 725 3859 Eodem
747 3787 880 3883 capite,
898 3800 968 3860 art.
991 3794 1048 3873 10,
1075 3785 1238 3859 ostendit
1308 3793 1315 3805 ’

198 3923 221 3970 a
247 3912 350 3971 motu
378 3898 547 3972 circulari
578 3898 743 3995 simplice
758 3910 900 3972 motum
932 3899 1101 3994 generari
1127 3899 1238 3971 etiam

198 4011 417 4084 circularem
451 4012 663 4110 simplicem.
738 4014 868 4109 Itaque
907 4036 991 4085 cum
1025 4012 1071 4084 ab
1105 4012 1238 4084 iisdem

199 4125 316 4198 doctis
334 4149 444 4197 causa
462 4137 583 4199 motus
608 4127 721 4199 annui
750 4136 902 4222 putatur
928 4148 1006 4197 esse
1032 4124 1098 4214 sol,
1127 4125 1238 4199 talem

199 4263 342 4334 quoque
358 4250 498 4309 motum
511 4240 663 4312 ascribit
680 4239 758 4312 soli.
810 4239 858 4311 Et
874 4238 931 4311 his
949 4238 1097 4334 quidem
1121 4239 1239 4336 hypo-

198 4352 361 4424 thesibus
375 4374 449 4423 noo
467 4350 514 4424 ad
534 4352 625 4442 haec,
644 4352 709 4425 sed
726 4351 774 4427 ad
801 4352 873 4426 alia
898 4353 1140 4449 phaenomena
1167 4352 1239 4426 sal·
