2946 5010
295 426 718 482 naononrrouanrnus
739 426 784 478 ιΝ
807 424 990 478 ennean.
1090 409 1158 488 471

121 597 231 671 rectis
250 596 321 686 BS,
334 598 412 688 RY,
427 597 504 685 XL,
520 596 592 685 Ml,
611 596 707 668 sicut
730 607 767 668 et
793 595 843 669 lll
857 595 1031 692 parallela
1053 596 1165 670 rectis
1197 616 1362 660 uranum.

121 710 483 800 ansarum.
1205 689 1350 724 *Ὗ*

170 825 237 896 Est
254 847 342 919 ergo
360 823 648 919 quadrilaterum
666 823 719 894 lm
726 821 809 894 Kal
823 820 1010 896 rhombus.
1040 822 1165 896 Quare

123 937 197 1027 ΒΤ,
213 937 287 1027 RZ,
304 936 380 1025 Xd,
395 937 484 1023 Mm,
500 936 560 1008 Kc
572 947 657 1009 sunt
670 935 844 1008 continue
857 936 1164 1031 proportionales:

122 1061 160 1123 et
170 1064 321 1146 propter
334 1050 510 1146 angulum
525 1049 631 1138 BAS,
644 1047 759 1136 RAY,
773 1046 888 1136 XAL,
900 1047 995 1121 MAI
1009 1048 1166 1121 divisum

121 1163 168 1236 ab
187 1162 260 1235 AN
278 1163 459 1252 bifariam,
476 1174 586 1235 erunt
606 1161 619 1243 l
622 1184 688 1257 per
707 1160 813 1233 Eucl.
831 1160 879 1233 vi.
899 1161 938 1250 3)
955 1173 1067 1236 rectas
1085 1160 1166 1249 AB,

122 1277 202 1364 AR,
218 1276 398 1365 AX,AM,
413 1276 580 1365 AK,AE,
595 1275 689 1347 sicut
703 1285 740 1347 et
757 1273 838 1363 AD,
849 1273 923 1363 AS,
930 1274 1008 1364 AY,
1016 1274 1093 1364 AL,
1100 1275 1165 1363 Al,

122 1391 186 1462 AF
220 1389 395 1462 continue
425 1387 732 1485 proportionales.
786 1384 917 1482 ltaque
951 1387 1048 1460 inter
1075 1385 1166 1461 duas

122 1503 201 1588 AB,
212 1502 280 1574 AV
297 1501 415 1592 datas,
433 1502 593 1574 inventae
620 1511 708 1573 sunt
734 1511 892 1596 quatuor
922 1500 1066 1588 mediae,
1084 1501 1164 1591 AR,

123 1616 206 1703 AX,
221 1614 309 1699 AM,
323 1615 405 1703 AK,
418 1614 495 1686 sive
512 1614 586 1702 AS,
600 1612 680 1704 AY,
692 1613 769 1703 AL,
784 1614 848 1686 Al.

173 1727 232 1800 Ad
249 1727 452 1799 mediarum
464 1750 657 1800 numerum
671 1750 817 1800 omnem
835 1726 1166 1802 demonstrationes

123 1840 307 1936 applicare
344 1839 507 1935 singulas
539 1840 763 1936 impossibile
793 1853 860 1915 est.
926 1841 1166 1915 Manifestum

123 1965 247 2026 autem
265 1963 332 2040 est,
351 1952 461 2048 quod,
480 1953 511 2025 si
537 1977 644 2027 arcus
668 1953 732 2027 BG
757 1965 902 2027 secetur
927 1954 1165 2049 septifariam,

123 2066 278 2139 inveniri
297 2089 359 2138 sex
377 2066 550 2139 rhombos
568 2066 684 2140 latera
700 2067 879 2139 habentes
903 2067 1059 2141 totidem
1077 2091 1166 2140 con·

123 2179 226 2252 tinne
252 2178 554 2274 proportionalia,
573 2190 612 2252 et
637 2193 905 2275 cousequenter
922 2204 985 2253 sex
1010 2179 1166 2264 mediam

124 2291 433 2388 quemadmodum
464 2315 509 2364 ex
536 2292 750 2365 trisectione
777 2293 939 2366 inventae
966 2304 1053 2365 sunt
1084 2293 1167 2366 duae

124 2407 317 2494 mediaest
332 2429 376 2478 ex
391 2404 706 2502 quinquisectione
719 2416 876 2501 quatuor
890 2405 1037 2490 mediae;
1056 2417 1167 2502 atque

124 2519 177 2592 ita
194 2520 233 2591 in
251 2519 435 2591 infinitum
453 2542 520 2613 pro
540 2517 670 2592 mediis
688 2543 841 2591 numero
859 2519 1019 2614 paribus.
1063 2519 1169 2592 Datis

124 2645 246 2705 antem
277 2632 439 2728 parione,
464 2632 582 2704 omnis
612 2631 817 2705 mediarum
846 2656 1020 2705 numerus
1051 2633 1169 2728 impar

123 2746 229 2818 facile
247 2743 446 2817 innotescit
462 2767 528 2839 per
546 2745 791 2840 sumptionem
805 2746 903 2818 inter
913 2745 1076 2841 singulas
1086 2769 1168 2842 pro·

123 2858 347 2956 portionales
367 2856 594 2953 singularum
612 2858 828 2931 mediarum.
856 2859 1066 2932 Invenimus
1078 2882 1167 2954 ergo

124 2971 338 3045 methodum
355 2969 565 3066 generalem
588 2970 799 3043 inveniendi
826 2972 922 3045 inter
939 2971 1030 3045 duas
1047 2983 1167 3045 rectas

124 3085 228 3157 datas
258 3083 397 3156 medias
427 3093 663 3178 quotcunque
696 3107 763 3178 per
796 3084 996 3156 sectionem
1027 3083 1165 3177 anguli.

125 3195 321 3269 Quomodo
338 3206 462 3266 autem
476 3193 631 3289 angulus
645 3195 838 3267 iuratione
850 3194 938 3266 data
949 3218 1167 3291 quacunque

123 3305 302 3380 secandus
320 3305 379 3394 sit,
399 3304 590 3379 docuimus
608 3328 730 3401 supra,
750 3306 838 3401 Cap.
852 3307 941 3379 xxii.

175 3421 280 3503 Haec,
304 3440 513 3513 quanquam
538 3427 640 3489 certa
667 3429 706 3490 et
732 3417 996 3508 demonstrata,
1020 3441 1168 3492 corrue-

124 3542 207 3604 rent
224 3543 360 3613 tamen,
378 3530 409 3602 si
425 3553 554 3602 verum
580 3543 676 3603 esset
694 3531 792 3627 quod
819 3531 1027 3627 algebristae
1049 3531 1168 3605 nostri

124 3644 265 3729 dicunt,
283 3640 445 3715 radicem
462 3642 607 3714 numeri
619 3644 802 3739 quadrati,
816 3657 853 3717 et
870 3647 999 3741 figurae
1011 3646 1169 3742 quadra-

125 3772 174 3830 tae
191 3757 289 3829 latus
307 3753 405 3828 idem
419 3778 509 3828 csse.

174 3869 474 3941 Examinabimus
496 3870 574 3965 jam
602 3869 744 3965 logicae,
774 3893 885 3966 quam
912 3870 964 3944 illi
983 3871 1169 3968 jactitant,

126 3982 373 4056 severitatem.

175 4094 354 4168 Vitiosam
379 4116 458 4165 esse
481 4093 587 4166 aiunt
616 4093 980 4186 demonstrationem,
1004 4097 1042 4171 in
1059 4121 1170 4193 quam

126 4234 199 4282 non
226 4206 435 4302 ingreditur
453 4230 563 4279 omne
588 4207 626 4280 id
653 4207 753 4303 quod
781 4207 829 4280 ad
859 4211 1170 4284 constructionem

126 4321 333 4397 assumitur.
385 4321 465 4416 Ego
494 4331 634 4410 contra,
662 4320 1012 4397 demonstrationem
1037 4324 1074 4397 in
1099 4347 1172 4420 qua
