2946 5010
431 403 742 457 uaruuuumcm
763 404 1004 458 romanum.
1167 384 1235 465 177

199 593 375 667 grommo,
405 574 509 669 cujus
535 596 648 645 uuum
676 573 771 646 latus
801 584 940 667 tanget·
957 570 1168 668 parabolam
1196 571 1234 642 in
1267 595 1418 637 unrocus

198 685 334 757 vertice
352 696 390 757 et
407 685 519 759 faciet
532 685 707 781 angulum
724 710 807 758 cum
825 685 1016 758 diametro.
1047 684 1235 779 Angulum

198 795 300 868 illum
313 797 424 871 ducta
435 809 537 871 recta
549 821 676 871 secans
689 798 822 871 lineam
833 796 1081 893 parabolicam
1091 797 1235 886 alicubi,

199 908 339 983 dividat
355 910 535 999 bifariam,
549 922 588 983 et
605 911 831 1006 compleatur
842 909 1235 1008 parallelogrammum,

198 1023 303 1117 cujus
320 1046 414 1095 unus
430 1024 586 1119 angulus
604 1034 661 1097 est
678 1024 715 1096 in
735 1025 884 1113 vertice,
901 1023 994 1096 alter
1011 1034 1065 1096 est
1083 1023 1120 1095 in
1138 1023 1244 1096 linea

197 1135 419 1232 parabolica.
475 1139 555 1211 Erit
582 1151 706 1212 autem
738 1137 1118 1234 parallelogrammum
1144 1136 1236 1210 illud

198 1250 255 1322 vel
273 1250 491 1345 quadratum
509 1252 566 1325 vel
582 1253 767 1325 rhombus.
810 1251 932 1347 Hujus
949 1250 1045 1324 latus
1062 1262 1118 1323 est
1131 1273 1237 1346 para-

198 1374 326 1436 meter.
379 1363 573 1454 Meditare,
588 1365 749 1462 iuquam,
763 1364 835 1437 hoc
852 1374 986 1451 tecum,
998 1375 1036 1436 et
1048 1363 1175 1459 judica
1188 1386 1236 1435 an

197 1487 404 1571 parameter
431 1477 546 1573 magis
578 1478 625 1551 sit
655 1477 871 1573 imaginaria
903 1501 1012 1573 quam
1044 1476 1234 1567 diameter,

198 1590 255 1662 vel
272 1590 344 1663 alia
362 1591 498 1686 quaevis
515 1590 623 1664 linea.
676 1591 745 1664 Est
768 1602 892 1663 autem
908 1590 1043 1686 ubique
1061 1599 1103 1662 ut
1120 1591 1235 1662 iuter„

198 1713 305 1798 cepta
316 1702 493 1775 diameter
507 1702 555 1775 ad
571 1702 682 1786 illam,
693 1702 746 1775 ita
762 1702 824 1774 illa
841 1701 889 1775 ad
906 1701 1104 1774 ordinatim
1121 1703 1237 1798 appli-

197 1826 329 1888 catam.
384 1815 428 1888 Id
446 1816 545 1911 qnod
561 1815 747 1888 Wallisius
765 1816 933 1888 enuntiat
950 1839 1016 1910 per
1033 1814 1236 1913 quantuplo

197 1930 317 2023 major
335 1939 393 2001 eat
410 1928 469 2001 ael
479 1929 608 2018 minor,
626 1939 709 2017 etc,
727 1928 908 2025 centuplo,
927 1938 1017 2001 etc:
1036 1951 1117 2024 quae
1128 1951 1235 2000 voces

197 2040 436 2139 quantuplum
453 2051 490 2114 et
504 2039 707 2139 tantoplum
722 2065 839 2138 neque
850 2041 990 2115 Latinae
1007 2053 1104 2126 sunt,
1117 2063 1235 2136 neque

197 2155 391 2250 quicquam
409 2155 628 2250 significant.

249 2269 297 2340 B.
324 2268 443 2340 Miror
459 2279 560 2342 certe
574 2268 702 2341 alienae
714 2267 922 2341 Latinitatis
936 2268 1235 2363 reprehensorem

197 2393 271 2454 tam
290 2404 423 2470 acrem,
439 2381 549 2454 toties
565 2381 720 2454 barbare
737 2381 957 2455 scribentem
974 2404 1049 2453 nou
1066 2380 1232 2453 sensisse.

248 2496 296 2567 Α.
324 2495 418 2567 Fieri
445 2506 567 2591 potest
589 2508 631 2568 ut
653 2496 789 2591 linguae
812 2496 953 2568 Latinae
977 2517 1083 2566 usum
1111 2493 1233 2589 aliqua

197 2633 241 2680 ex
277 2620 381 2705 parte
415 2608 691 2682 labefactaverit
724 2608 884 2684 studium
914 2607 1068 2681 nimium
1098 2607 1233 2704 linguae

197 2722 374 2795 Arabicae.

248 2835 296 2908 B.
323 2833 409 2906 Non
425 2846 526 2931 puto.

247 2948 295 3019 Α.
323 2948 493 3021 Proximo
510 2948 603 3037 1000,
627 2949 825 3043 quamlibet
850 2948 1061 3044 parabolam
1083 2948 1234 3021 cuilibet

196 3084 290 3131 cono
312 3062 429 3157 aptari
455 3086 574 3158 posse,
596 3063 702 3159 (puto
730 3063 838 3135 nam*
870 3061 1054 3155 obscure),
1082 3061 1233 3134 demon-

197 3182 312 3256 strat;
349 3198 468 3271 neque
497 3175 595 3247 enim
619 3199 714 3248 nova
741 3199 798 3248 res
826 3186 893 3262 est,
921 3198 1040 3270 neque
1065 3174 1232 3247 difficilis.

197 3285 465 3380 Propositioues
491 3288 618 3360 decem
645 3289 753 3382 hujus
777 3288 892 3383 partis
919 3288 1046 3382 primae
1070 3287 1231 3382 reliqnae,

196 3399 258 3471 ubi
278 3399 323 3471 de
347 3399 516 3496 ellipticis
539 3413 577 3471 et
604 3399 847 3495 hyperbolicis
864 3399 1176 3496 pyramidoidibus
1195 3411 1233 3472 et

197 3511 333 3600 cuneis,
351 3512 448 3584 etde
466 3512 645 3608 ellipsium
664 3525 702 3582 et
718 3511 1000 3608 hyperbolarum
1017 3512 1233 3606 parametris

197 3623 435 3721 imaginariis
453 3624 627 3720 loquitur,
646 3624 774 3696 eodem
793 3624 962 3697 laborant
979 3624 1082 3697 vitio.
1121 3625 1232 3698 Vides

196 3759 284 3831 ergo
302 3736 484 3808 sectiones
502 3736 660 3823 conicas,
679 3749 859 3831 quatenus
876 3737 913 3808 iu
937 3737 1017 3832 ipso
1038 3760 1131 3808 cono
1149 3761 1234 3813 con-

196 3849 386 3939 sideratas,
401 3873 510 3944 quam
528 3873 657 3945 parum
674 3850 857 3946 intelligit.
912 3849 1021 3923 Quod
1036 3851 1169 3922 attinet
1185 3850 1234 3922 ad

196 3961 526 4035 considerationem
541 3963 739 4036 earundem
752 3963 955 4035 sectionum
969 3976 1074 4034 extra
1086 3986 1231 4049 conum,

197 4100 240 4148 ea
257 4076 385 4149 scribit
402 4100 496 4173 quae,
515 4077 601 4171 quia
620 4101 696 4149 non
720 4075 886 4171 intelligi,
914 4075 1130 4171 reprehendi
1159 4100 1232 4149 uon

370 4313 386 4346 ⁶
408 4311 487 4371 Edit.
506 4314 819 4384 1660et1668,nam.
863 4309 974 4384 Quare,
990 4312 1067 4369 aon?

297 4427 463 4480 voL.1v.
1103 4428 1130 4480 N

1332 677 1361 717 v.

1274 745 1418 783 s-f-ae
