<?xml version="1.0" encoding="UTF-8"?>
<!DOCTYPE html PUBLIC "-//W3C//DTD XHTML 1.0 Transitional//EN"
    "http://www.w3.org/TR/xhtml1/DTD/xhtml1-transitional.dtd">
<html xmlns="http://www.w3.org/1999/xhtml" xml:lang="en" lang="en">
 <head>
  <title>
</title>
<meta http-equiv="Content-Type" content="text/html;charset=utf-8" />
  <meta name='ocr-system' content='tesseract 3.04.00' />
  <meta name='ocr-capabilities' content='ocr_page ocr_carea ocr_par ocr_line ocrx_word'/>
</head>
<body>
  <div class='ocr_page' id='page_1' title='image "./thomhobbesmalme01hobbgoog_0367.png"; bbox 0 0 2946 5010; ppageno 0'>
   <div class='ocr_carea' id='block_1_1' title="bbox 307 387 1075 457">
    <p class='ocr_par' dir='ltr' id='par_1_1' title="bbox 307 387 1075 457">
     <span class='ocr_line' id='line_1_1' title="bbox 307 387 1075 457; baseline 0 -1"><span class='ocrx_word' id='word_1_1' title='bbox 307 387 382 457; x_wconf 75' lang='lat'><strong>856</strong></span> <span class='ocrx_word' id='word_1_2' title='bbox 581 400 861 456; x_wconf 79' lang='lat' dir='ltr'><strong>caonnenara</strong></span> <span class='ocrx_word' id='word_1_3' title='bbox 881 402 1075 457; x_wconf 72' lang='lat' dir='ltr'><strong>nausson.</strong></span> 
     </span>
    </p>
   </div>
   <div class='ocr_carea' id='block_1_2' title="bbox 91 566 1360 4512">
    <p class='ocr_par' dir='ltr' id='par_1_2' title="bbox 91 566 1348 871">
     <span class='ocr_line' id='line_1_2' title="bbox 126 566 1347 666; baseline 0.007 -31"><span class='ocrx_word' id='word_1_4' title='bbox 126 594 195 636; x_wconf 70' lang='lat' dir='ltr'><strong>cir.</strong></span> <span class='ocrx_word' id='word_1_5' title='bbox 211 596 266 637; x_wconf 77' lang='lat' dir='ltr'><strong>vn.</strong></span> <span class='ocrx_word' id='word_1_6' title='bbox 308 566 478 665; x_wconf 81' lang='lat' dir='ltr'><strong>procedit</strong></span> <span class='ocrx_word' id='word_1_7' title='bbox 493 570 590 644; x_wconf 91' lang='lat' dir='ltr'><strong>actio</strong></span> <span class='ocrx_word' id='word_1_8' title='bbox 607 592 682 645; x_wconf 93' lang='lat' dir='ltr'><strong>non</strong></span> <span class='ocrx_word' id='word_1_9' title='bbox 698 593 765 666; x_wconf 89' lang='lat' dir='ltr'><strong>per</strong></span> <span class='ocrx_word' id='word_1_10' title='bbox 781 570 917 645; x_wconf 91' lang='lat' dir='ltr'><strong>lineam</strong></span> <span class='ocrx_word' id='word_1_11' title='bbox 931 569 1142 645; x_wconf 71' lang='lat' dir='ltr'><strong>incidentiae</strong></span> <span class='ocrx_word' id='word_1_12' title='bbox 1158 571 1347 646; x_wconf 88' lang='lat' dir='ltr'><strong>continua·</strong></span> 
     </span>
     <span class='ocr_line' id='line_1_3' title="bbox 95 664 1348 781; baseline -0.001 -24"><span class='ocrx_word' id='word_1_13' title='bbox 95 664 265 781; x_wconf 43' lang='lat' dir='ltr'><strong>nx}</strong></span> <span class='ocrx_word' id='word_1_14' title='bbox 309 695 400 772; x_wconf 67' lang='lat' dir='ltr'><strong>mm,</strong></span> <span class='ocrx_word' id='word_1_15' title='bbox 417 680 483 755; x_wconf 91' lang='lat' dir='ltr'><strong>sed</strong></span> <span class='ocrx_word' id='word_1_16' title='bbox 504 682 543 756; x_wconf 92' lang='lat' dir='ltr'><strong>in</strong></span> <span class='ocrx_word' id='word_1_17' title='bbox 559 682 644 773; x_wconf 90' lang='lat' dir='ltr'><strong>alia,</strong></span> <span class='ocrx_word' id='word_1_18' title='bbox 661 682 711 757; x_wconf 88' lang='lat' dir='ltr'><strong>ad</strong></span> <span class='ocrx_word' id='word_1_19' title='bbox 731 683 1074 781; x_wconf 76' lang='lat' dir='ltr'>perpendicularem</span> <span class='ocrx_word' id='word_1_20' title='bbox 1089 694 1348 780; x_wconf 88' lang='lat' dir='ltr'><strong>convergente.</strong></span> 
     </span>
     <span class='ocr_line' id='line_1_4' title="bbox 91 784 608 871; baseline 0.002 -1"><span class='ocrx_word' id='word_1_21' title='bbox 91 784 239 845; x_wconf 51' lang='lat' dir='ltr'><strong>&#39;‘Mb&#39;&#39;</strong></span> <span class='ocrx_word' id='word_1_22' title='bbox 255 792 298 833; x_wconf 58' lang='grc'><strong>*-</strong></span> <span class='ocrx_word' id='word_1_23' title='bbox 360 795 411 870; x_wconf 83' lang='grc' dir='ltr'><strong>Α.</strong></span> <span class='ocrx_word' id='word_1_24' title='bbox 437 794 515 869; x_wconf 89' lang='lat' dir='ltr'><strong>Cur</strong></span> <span class='ocrx_word' id='word_1_25' title='bbox 530 795 608 871; x_wconf 80' lang='lat' dir='ltr'><strong>ita?</strong></span> 
     </span>
    </p>

    <p class='ocr_par' dir='ltr' id='par_1_3' title="bbox 306 905 1350 1685">
     <span class='ocr_line' id='line_1_5' title="bbox 359 905 1349 1007; baseline -0.001 -25"><span class='ocrx_word' id='word_1_26' title='bbox 359 905 409 982; x_wconf 92' lang='lat' dir='ltr'><strong>B.</strong></span> <span class='ocrx_word' id='word_1_27' title='bbox 436 908 595 983; x_wconf 89' lang='lat' dir='ltr'><strong>Ostendi</strong></span> <span class='ocrx_word' id='word_1_28' title='bbox 604 920 692 984; x_wconf 91' lang='lat' dir='ltr'><strong>ante</strong></span> <span class='ocrx_word' id='word_1_29' title='bbox 701 908 800 1007; x_wconf 92' lang='lat' dir='ltr'><strong>qnod</strong></span> <span class='ocrx_word' id='word_1_30' title='bbox 810 908 1011 984; x_wconf 88' lang='lat' dir='ltr'><strong>incidentia</strong></span> <span class='ocrx_word' id='word_1_31' title='bbox 1020 920 1194 1006; x_wconf 89' lang='lat' dir='ltr'><strong>operatur</strong></span> <span class='ocrx_word' id='word_1_32' title='bbox 1203 919 1349 983; x_wconf 88' lang='lat' dir='ltr'><strong>tantum</strong></span> 
     </span>
     <span class='ocr_line' id='line_1_6' title="bbox 306 1020 1350 1119; baseline 0.001 -25"><span class='ocrx_word' id='word_1_33' title='bbox 306 1020 347 1095; x_wconf 91' lang='lat' dir='ltr'><strong>iu</strong></span> <span class='ocrx_word' id='word_1_34' title='bbox 363 1020 669 1118; x_wconf 79' lang='lat' dir='ltr'><strong>perpendiculari.</strong></span> <span class='ocrx_word' id='word_1_35' title='bbox 722 1021 797 1097; x_wconf 89' lang='lat' dir='ltr'><strong>Sed</strong></span> <span class='ocrx_word' id='word_1_36' title='bbox 814 1021 923 1096; x_wconf 87' lang='lat' dir='ltr'><strong>simul</strong></span> <span class='ocrx_word' id='word_1_37' title='bbox 939 1034 1052 1119; x_wconf 88' lang='lat' dir='ltr'><strong>atque</strong></span> <span class='ocrx_word' id='word_1_38' title='bbox 1068 1021 1166 1096; x_wconf 90' lang='lat' dir='ltr'><strong>actio</strong></span> <span class='ocrx_word' id='word_1_39' title='bbox 1182 1021 1350 1119; x_wconf 86' lang='lat' dir='ltr'><strong>procedit</strong></span> 
     </span>
     <span class='ocr_line' id='line_1_7' title="bbox 306 1132 1348 1233; baseline 0.001 -26"><span class='ocrx_word' id='word_1_40' title='bbox 306 1132 462 1209; x_wconf 86' lang='lat' dir='ltr'><strong>ulterius</strong></span> <span class='ocrx_word' id='word_1_41' title='bbox 477 1158 606 1209; x_wconf 82' lang='lat' dir='ltr'><strong>versus</strong></span> <span class='ocrx_word' id='word_1_42' title='bbox 622 1134 782 1225; x_wconf 77' lang='lat' dir='ltr'><strong>interna,</strong></span> <span class='ocrx_word' id='word_1_43' title='bbox 799 1147 974 1233; x_wconf 82' lang='lat' dir='ltr'><strong>operatur</strong></span> <span class='ocrx_word' id='word_1_44' title='bbox 988 1135 1124 1232; x_wconf 89' lang='lat' dir='ltr'><strong>partim</strong></span> <span class='ocrx_word' id='word_1_45' title='bbox 1139 1134 1178 1209; x_wconf 92' lang='lat' dir='ltr'><strong>in</strong></span> <span class='ocrx_word' id='word_1_46' title='bbox 1195 1158 1348 1232; x_wconf 88' lang='lat' dir='ltr'><strong>perpen-</strong></span> 
     </span>
     <span class='ocr_line' id='line_1_8' title="bbox 307 1245 1349 1345; baseline -0.001 -24"><span class='ocrx_word' id='word_1_47' title='bbox 307 1245 474 1335; x_wconf 88' lang='lat' dir='ltr'><strong>diculari,</strong></span> <span class='ocrx_word' id='word_1_48' title='bbox 490 1248 627 1345; x_wconf 82' lang='lat' dir='ltr'><strong>partim</strong></span> <span class='ocrx_word' id='word_1_49' title='bbox 643 1249 682 1323; x_wconf 92' lang='lat' dir='ltr'><strong>in</strong></span> <span class='ocrx_word' id='word_1_50' title='bbox 699 1247 886 1323; x_wconf 81' lang='lat' dir='ltr'><strong>incidente</strong></span> <span class='ocrx_word' id='word_1_51' title='bbox 904 1248 1135 1323; x_wconf 89' lang='lat' dir='ltr'><strong>continuata:</strong></span> <span class='ocrx_word' id='word_1_52' title='bbox 1153 1260 1349 1345; x_wconf 84' lang='lat' dir='ltr'><strong>propterea</strong></span> 
     </span>
     <span class='ocr_line' id='line_1_9' title="bbox 307 1360 1349 1458; baseline -0.001 -24"><span class='ocrx_word' id='word_1_53' title='bbox 307 1360 409 1457; x_wconf 91' lang='lat' dir='ltr'><strong>quod</strong></span> <span class='ocrx_word' id='word_1_54' title='bbox 425 1362 636 1458; x_wconf 88' lang='lat' dir='ltr'><strong>majorjam</strong></span> <span class='ocrx_word' id='word_1_55' title='bbox 655 1361 756 1435; x_wconf 90' lang='lat' dir='ltr'><strong>facta</strong></span> <span class='ocrx_word' id='word_1_56' title='bbox 781 1362 992 1436; x_wconf 87' lang='lat' dir='ltr'><strong>resistentia</strong></span> <span class='ocrx_word' id='word_1_57' title='bbox 1016 1373 1160 1437; x_wconf 90' lang='lat' dir='ltr'><strong>motum</strong></span> <span class='ocrx_word' id='word_1_58' title='bbox 1182 1360 1286 1434; x_wconf 90' lang='lat' dir='ltr'><strong>illum</strong></span> <span class='ocrx_word' id='word_1_59' title='bbox 1310 1360 1349 1433; x_wconf 90' lang='lat' dir='ltr'><strong>in</strong></span> 
     </span>
     <span class='ocr_line' id='line_1_10' title="bbox 307 1472 1350 1567; baseline 0 -20"><span class='ocrx_word' id='word_1_60' title='bbox 307 1472 495 1549; x_wconf 90' lang='lat' dir='ltr'><strong>incidente</strong></span> <span class='ocrx_word' id='word_1_61' title='bbox 516 1474 734 1549; x_wconf 89' lang='lat' dir='ltr'><strong>continuata</strong></span> <span class='ocrx_word' id='word_1_62' title='bbox 758 1473 941 1567; x_wconf 88' lang='lat' dir='ltr'><strong>debilitat,</strong></span> <span class='ocrx_word' id='word_1_63' title='bbox 958 1485 997 1549; x_wconf 91' lang='lat' dir='ltr'><strong>et</strong></span> <span class='ocrx_word' id='word_1_64' title='bbox 1018 1474 1201 1549; x_wconf 81' lang='lat' dir='ltr'><strong>convertit</strong></span> <span class='ocrx_word' id='word_1_65' title='bbox 1222 1496 1350 1547; x_wconf 87' lang='lat' dir='ltr'><strong>versus</strong></span> 
     </span>
     <span class='ocr_line' id='line_1_11' title="bbox 307 1586 659 1685; baseline -0.006 -23"><span class='ocrx_word' id='word_1_66' title='bbox 307 1586 659 1685; x_wconf 77' lang='lat' dir='ltr'><strong>perpendicularem.</strong></span> 
     </span>
    </p>

    <p class='ocr_par' dir='ltr' id='par_1_4' title="bbox 307 1699 1351 2023">
     <span class='ocr_line' id='line_1_12' title="bbox 358 1699 1351 1799; baseline -0.001 -24"><span class='ocrx_word' id='word_1_67' title='bbox 358 1700 409 1775; x_wconf 81' lang='lat' dir='ltr'><strong>A.</strong></span> <span class='ocrx_word' id='word_1_68' title='bbox 435 1701 480 1775; x_wconf 91' lang='lat' dir='ltr'><strong>ln</strong></span> <span class='ocrx_word' id='word_1_69' title='bbox 506 1700 720 1799; x_wconf 78' lang='lat' dir='ltr'><strong>corporibus</strong></span> <span class='ocrx_word' id='word_1_70' title='bbox 749 1699 943 1796; x_wconf 81' lang='lat' dir='ltr'><strong>diaphonia</strong></span> <span class='ocrx_word' id='word_1_71' title='bbox 969 1723 1097 1774; x_wconf 85' lang='lat' dir='ltr'><strong>rernm</strong></span> <span class='ocrx_word' id='word_1_72' title='bbox 1122 1710 1214 1774; x_wconf 87' lang='lat' dir='ltr'><strong>esto.</strong></span> <span class='ocrx_word' id='word_1_73' title='bbox 1276 1699 1351 1774; x_wconf 89' lang='lat' dir='ltr'><strong>Sed</strong></span> 
     </span>
     <span class='ocr_line' id='line_1_13' title="bbox 307 1812 1351 1912; baseline -0.001 -24"><span class='ocrx_word' id='word_1_74' title='bbox 307 1824 394 1897; x_wconf 83' lang='lat' dir='ltr'><strong>snnt</strong></span> <span class='ocrx_word' id='word_1_75' title='bbox 409 1836 567 1912; x_wconf 89' lang='lat' dir='ltr'><strong>corpora</strong></span> <span class='ocrx_word' id='word_1_76' title='bbox 578 1812 697 1887; x_wconf 88' lang='lat' dir='ltr'><strong>multa</strong></span> <span class='ocrx_word' id='word_1_77' title='bbox 709 1835 776 1909; x_wconf 89' lang='lat' dir='ltr'><strong>per</strong></span> <span class='ocrx_word' id='word_1_78' title='bbox 789 1836 873 1910; x_wconf 82' lang='lat' dir='ltr'><strong>quae</strong></span> <span class='ocrx_word' id='word_1_79' title='bbox 889 1813 1047 1887; x_wconf 89' lang='lat' dir='ltr'><strong>transire</strong></span> <span class='ocrx_word' id='word_1_80' title='bbox 1062 1813 1188 1888; x_wconf 87' lang='lat' dir='ltr'><strong>lumen</strong></span> <span class='ocrx_word' id='word_1_81' title='bbox 1200 1813 1351 1887; x_wconf 92' lang='lat' dir='ltr'><strong>omnino</strong></span> 
     </span>
     <span class='ocr_line' id='line_1_14' title="bbox 307 1937 532 2023; baseline -0.009 -21"><span class='ocrx_word' id='word_1_82' title='bbox 307 1950 383 2002; x_wconf 91' lang='lat' dir='ltr'><strong>non</strong></span> <span class='ocrx_word' id='word_1_83' title='bbox 398 1937 532 2023; x_wconf 88' lang='lat' dir='ltr'><strong>potest.</strong></span> 
     </span>
    </p>

    <p class='ocr_par' dir='ltr' id='par_1_5' title="bbox 307 2037 1356 3266">
     <span class='ocr_line' id='line_1_15' title="bbox 360 2037 1351 2137; baseline -0.002 -24"><span class='ocrx_word' id='word_1_84' title='bbox 360 2038 410 2113; x_wconf 92' lang='lat' dir='ltr'><strong>B.</strong></span> <span class='ocrx_word' id='word_1_85' title='bbox 437 2040 547 2114; x_wconf 86' lang='lat' dir='ltr'><strong>Actio</strong></span> <span class='ocrx_word' id='word_1_86' title='bbox 570 2037 718 2136; x_wconf 91' lang='lat' dir='ltr'><strong>quidem</strong></span> <span class='ocrx_word' id='word_1_87' title='bbox 745 2062 814 2137; x_wconf 89' lang='lat' dir='ltr'><strong>per</strong></span> <span class='ocrx_word' id='word_1_88' title='bbox 839 2062 951 2136; x_wconf 86' lang='lat' dir='ltr'><strong>quarn</strong></span> <span class='ocrx_word' id='word_1_89' title='bbox 977 2040 1020 2115; x_wconf 89' lang='lat' dir='ltr'><strong>fit</strong></span> <span class='ocrx_word' id='word_1_90' title='bbox 1049 2039 1187 2129; x_wconf 92' lang='lat' dir='ltr'><strong>lumen,</strong></span> <span class='ocrx_word' id='word_1_91' title='bbox 1210 2039 1351 2112; x_wconf 90' lang='lat' dir='ltr'><strong>nullum</strong></span> 
     </span>
     <span class='ocr_line' id='line_1_16' title="bbox 307 2152 1350 2250; baseline 0 -25"><span class='ocrx_word' id='word_1_92' title='bbox 307 2175 382 2227; x_wconf 91' lang='lat' dir='ltr'><strong>non</strong></span> <span class='ocrx_word' id='word_1_93' title='bbox 400 2162 535 2250; x_wconf 80' lang='lat' dir='ltr'><strong>eorpus</strong></span> <span class='ocrx_word' id='word_1_94' title='bbox 552 2165 730 2249; x_wconf 88' lang='lat' dir='ltr'><strong>permeat.</strong></span> <span class='ocrx_word' id='word_1_95' title='bbox 781 2152 879 2227; x_wconf 91' lang='lat' dir='ltr'><strong>Nam</strong></span> <span class='ocrx_word' id='word_1_96' title='bbox 896 2152 995 2227; x_wconf 85' lang='lat' dir='ltr'><strong>actio</strong></span> <span class='ocrx_word' id='word_1_97' title='bbox 1012 2153 1094 2227; x_wconf 87' lang='lat' dir='ltr'><strong>baec</strong></span> <span class='ocrx_word' id='word_1_98' title='bbox 1119 2152 1257 2249; x_wconf 87' lang='lat' dir='ltr'><strong>pressio</strong></span> <span class='ocrx_word' id='word_1_99' title='bbox 1281 2163 1350 2226; x_wconf 90' lang='lat' dir='ltr'><strong>est.</strong></span> 
     </span>
     <span class='ocr_line' id='line_1_17' title="bbox 309 2263 1351 2363; baseline -0.004 -20"><span class='ocrx_word' id='word_1_100' title='bbox 309 2265 496 2363; x_wconf 78' lang='lat' dir='ltr'><strong>Quicquid</strong></span> <span class='ocrx_word' id='word_1_101' title='bbox 512 2278 637 2340; x_wconf 88' lang='lat' dir='ltr'><strong>antem</strong></span> <span class='ocrx_word' id='word_1_102' title='bbox 653 2265 844 2362; x_wconf 89' lang='lat' dir='ltr'><strong>premitur,</strong></span> <span class='ocrx_word' id='word_1_103' title='bbox 860 2264 997 2361; x_wconf 87' lang='lat' dir='ltr'><strong>premit</strong></span> <span class='ocrx_word' id='word_1_104' title='bbox 1012 2265 1052 2340; x_wconf 92' lang='lat' dir='ltr'><strong>id</strong></span> <span class='ocrx_word' id='word_1_105' title='bbox 1068 2263 1168 2363; x_wconf 94' lang='lat' dir='ltr'><strong>quod</strong></span> <span class='ocrx_word' id='word_1_106' title='bbox 1184 2265 1351 2361; x_wconf 86' lang='lat' dir='ltr'><strong>proxime</strong></span> 
     </span>
     <span class='ocr_line' id='line_1_18' title="bbox 309 2378 1352 2477; baseline -0.003 -23"><span class='ocrx_word' id='word_1_107' title='bbox 309 2404 332 2454; x_wconf 89' lang='lat' dir='ltr'><strong>a</strong></span> <span class='ocrx_word' id='word_1_108' title='bbox 357 2392 464 2477; x_wconf 84' lang='lat' dir='ltr'><strong>tergo</strong></span> <span class='ocrx_word' id='word_1_109' title='bbox 491 2392 570 2455; x_wconf 83' lang='lat' dir='ltr'><strong>est:</strong></span> <span class='ocrx_word' id='word_1_110' title='bbox 596 2391 635 2453; x_wconf 89' lang='lat' dir='ltr'><strong>et</strong></span> <span class='ocrx_word' id='word_1_111' title='bbox 661 2380 733 2454; x_wconf 92' lang='lat' dir='ltr'><strong>hoc</strong></span> <span class='ocrx_word' id='word_1_112' title='bbox 755 2378 868 2466; x_wconf 88' lang='lat' dir='ltr'><strong>aliud,</strong></span> <span class='ocrx_word' id='word_1_113' title='bbox 889 2380 927 2454; x_wconf 93' lang='lat' dir='ltr'><strong>in</strong></span> <span class='ocrx_word' id='word_1_114' title='bbox 959 2379 1159 2453; x_wconf 88' lang='lat' dir='ltr'><strong>infinitum.</strong></span> <span class='ocrx_word' id='word_1_115' title='bbox 1210 2379 1352 2452; x_wconf 89' lang='lat' dir='ltr'><strong>Lumen</strong></span> 
     </span>
     <span class='ocr_line' id='line_1_19' title="bbox 308 2492 1353 2591; baseline -0.004 -23"><span class='ocrx_word' id='word_1_116' title='bbox 308 2508 433 2568; x_wconf 90' lang='lat' dir='ltr'><strong>autem</strong></span> <span class='ocrx_word' id='word_1_117' title='bbox 451 2516 609 2589; x_wconf 89' lang='lat' dir='ltr'><strong>corpora</strong></span> <span class='ocrx_word' id='word_1_118' title='bbox 624 2492 794 2589; x_wconf 85' lang='lat' dir='ltr'><strong>quaedam</strong></span> <span class='ocrx_word' id='word_1_119' title='bbox 816 2516 891 2567; x_wconf 93' lang='lat' dir='ltr'><strong>non</strong></span> <span class='ocrx_word' id='word_1_120' title='bbox 914 2507 1092 2591; x_wconf 88' lang='lat' dir='ltr'><strong>permeat.</strong></span> <span class='ocrx_word' id='word_1_121' title='bbox 1145 2492 1243 2565; x_wconf 92' lang='lat' dir='ltr'><strong>Nam</strong></span> <span class='ocrx_word' id='word_1_122' title='bbox 1267 2515 1353 2587; x_wconf 90' lang='lat' dir='ltr'><strong>par-</strong></span> 
     </span>
     <span class='ocr_line' id='line_1_20' title="bbox 308 2605 1354 2702; baseline -0.003 -22"><span class='ocrx_word' id='word_1_123' title='bbox 308 2607 402 2680; x_wconf 92' lang='lat' dir='ltr'><strong>tium</strong></span> <span class='ocrx_word' id='word_1_124' title='bbox 426 2605 657 2702; x_wconf 86' lang='lat' dir='ltr'><strong>quorundam</strong></span> <span class='ocrx_word' id='word_1_125' title='bbox 681 2630 878 2701; x_wconf 90' lang='lat' dir='ltr'><strong>corporum</strong></span> <span class='ocrx_word' id='word_1_126' title='bbox 906 2607 1135 2680; x_wconf 87' lang='lat' dir='ltr'><strong>internarum</strong></span> <span class='ocrx_word' id='word_1_127' title='bbox 1164 2617 1270 2678; x_wconf 88' lang='lat' dir='ltr'><strong>tanta</strong></span> <span class='ocrx_word' id='word_1_128' title='bbox 1296 2617 1354 2677; x_wconf 90' lang='lat' dir='ltr'><strong>est</strong></span> 
     </span>
     <span class='ocr_line' id='line_1_21' title="bbox 309 2716 1354 2813; baseline -0.004 -23"><span class='ocrx_word' id='word_1_129' title='bbox 309 2717 539 2813; x_wconf 69' lang='lat' dir='ltr'><strong>inaequalitas</strong></span> <span class='ocrx_word' id='word_1_130' title='bbox 558 2728 595 2789; x_wconf 92' lang='lat' dir='ltr'><strong>et</strong></span> <span class='ocrx_word' id='word_1_131' title='bbox 613 2717 819 2790; x_wconf 87' lang='lat' dir='ltr'><strong>differentia</strong></span> <span class='ocrx_word' id='word_1_132' title='bbox 836 2717 958 2813; x_wconf 90' lang='lat' dir='ltr'><strong>quoad</strong></span> <span class='ocrx_word' id='word_1_133' title='bbox 974 2719 1123 2813; x_wconf 87' lang='lat' dir='ltr'><strong>figuras,</strong></span> <span class='ocrx_word' id='word_1_134' title='bbox 1140 2729 1182 2790; x_wconf 92' lang='lat' dir='ltr'><strong>ut</strong></span> <span class='ocrx_word' id='word_1_135' title='bbox 1200 2716 1296 2790; x_wconf 88' lang='lat' dir='ltr'><strong>aetio</strong></span> <span class='ocrx_word' id='word_1_136' title='bbox 1315 2717 1354 2787; x_wconf 91' lang='lat' dir='ltr'><strong>in</strong></span> 
     </span>
     <span class='ocr_line' id='line_1_22' title="bbox 310 2830 1355 2904; baseline -0.001 -3"><span class='ocrx_word' id='word_1_137' title='bbox 310 2830 470 2903; x_wconf 89' lang='lat' dir='ltr'><strong>transitu</strong></span> <span class='ocrx_word' id='word_1_138' title='bbox 492 2830 693 2903; x_wconf 89' lang='lat' dir='ltr'><strong>innumeris</strong></span> <span class='ocrx_word' id='word_1_139' title='bbox 712 2831 994 2904; x_wconf 85' lang='lat' dir='ltr'><strong>refractionibus</strong></span> <span class='ocrx_word' id='word_1_140' title='bbox 1023 2845 1061 2904; x_wconf 94' lang='lat' dir='ltr'><strong>et</strong></span> <span class='ocrx_word' id='word_1_141' title='bbox 1084 2830 1355 2904; x_wconf 87' lang='lat' dir='ltr'><strong>reflectionibus</strong></span> 
     </span>
     <span class='ocr_line' id='line_1_23' title="bbox 310 2942 1355 3041; baseline 0 -27"><span class='ocrx_word' id='word_1_142' title='bbox 310 2942 363 3015; x_wconf 91' lang='lat' dir='ltr'><strong>ita</strong></span> <span class='ocrx_word' id='word_1_143' title='bbox 390 2942 613 3031; x_wconf 88' lang='lat' dir='ltr'><strong>debilitetur,</strong></span> <span class='ocrx_word' id='word_1_144' title='bbox 631 2956 673 3016; x_wconf 93' lang='lat' dir='ltr'><strong>ut</strong></span> <span class='ocrx_word' id='word_1_145' title='bbox 698 2956 897 3038; x_wconf 84' lang='lat' dir='ltr'><strong>antequam</strong></span> <span class='ocrx_word' id='word_1_146' title='bbox 920 2945 1175 3041; x_wconf 89' lang='lat' dir='ltr'><strong>permeaverit‚</strong></span> <span class='ocrx_word' id='word_1_147' title='bbox 1198 2944 1355 3017; x_wconf 91' lang='lat' dir='ltr'><strong>debilior</strong></span> 
     </span>
     <span class='ocr_line' id='line_1_24' title="bbox 309 3057 1356 3154; baseline 0 -26"><span class='ocrx_word' id='word_1_148' title='bbox 309 3057 376 3128; x_wconf 91' lang='lat' dir='ltr'><strong>fiat</strong></span> <span class='ocrx_word' id='word_1_149' title='bbox 393 3079 504 3151; x_wconf 85' lang='lat' dir='ltr'><strong>quam</strong></span> <span class='ocrx_word' id='word_1_150' title='bbox 520 3067 562 3128; x_wconf 88' lang='lat' dir='ltr'><strong>ut</strong></span> <span class='ocrx_word' id='word_1_151' title='bbox 579 3057 617 3128; x_wconf 90' lang='lat' dir='ltr'><strong>in</strong></span> <span class='ocrx_word' id='word_1_152' title='bbox 635 3080 775 3153; x_wconf 86' lang='lat' dir='ltr'><strong>organo</strong></span> <span class='ocrx_word' id='word_1_153' title='bbox 793 3057 940 3130; x_wconf 91' lang='lat' dir='ltr'><strong>videndi</strong></span> <span class='ocrx_word' id='word_1_154' title='bbox 958 3058 1134 3130; x_wconf 83' lang='lat' dir='ltr'><strong>visionem</strong></span> <span class='ocrx_word' id='word_1_155' title='bbox 1151 3057 1356 3154; x_wconf 89' lang='lat' dir='ltr'><strong>producere</strong></span> 
     </span>
     <span class='ocr_line' id='line_1_25' title="bbox 312 3171 438 3266; baseline -0.016 -24"><span class='ocrx_word' id='word_1_156' title='bbox 312 3171 438 3266; x_wconf 91' lang='lat' dir='ltr'><strong>possit.</strong></span> 
     </span>
    </p>

    <p class='ocr_par' dir='ltr' id='par_1_6' title="bbox 311 3282 1357 3607">
     <span class='ocr_line' id='line_1_26' title="bbox 362 3282 1357 3380; baseline 0 -25"><span class='ocrx_word' id='word_1_157' title='bbox 362 3283 412 3355; x_wconf 88' lang='grc' dir='ltr'><strong>Α.</strong></span> <span class='ocrx_word' id='word_1_158' title='bbox 440 3284 480 3356; x_wconf 88' lang='lat' dir='ltr'><strong>Si</strong></span> <span class='ocrx_word' id='word_1_159' title='bbox 497 3306 630 3378; x_wconf 89' lang='lat' dir='ltr'><strong>corpus</strong></span> <span class='ocrx_word' id='word_1_160' title='bbox 648 3282 872 3380; x_wconf 88' lang='lat' dir='ltr'><strong>diapbanum</strong></span> <span class='ocrx_word' id='word_1_161' title='bbox 898 3284 1021 3372; x_wconf 87' lang='lat' dir='ltr'><strong>fuerit,</strong></span> <span class='ocrx_word' id='word_1_162' title='bbox 1040 3295 1079 3357; x_wconf 91' lang='lat' dir='ltr'><strong>et</strong></span> <span class='ocrx_word' id='word_1_163' title='bbox 1103 3284 1200 3356; x_wconf 89' lang='lat' dir='ltr'><strong>actio</strong></span> <span class='ocrx_word' id='word_1_164' title='bbox 1223 3307 1357 3378; x_wconf 86' lang='lat' dir='ltr'><strong>propa-</strong></span> 
     </span>
     <span class='ocr_line' id='line_1_27' title="bbox 311 3397 1356 3495; baseline -0.001 -25"><span class='ocrx_word' id='word_1_165' title='bbox 311 3408 419 3491; x_wconf 81' lang='lat' dir='ltr'><strong>getur</strong></span> <span class='ocrx_word' id='word_1_166' title='bbox 436 3399 475 3470; x_wconf 90' lang='lat' dir='ltr'><strong>in</strong></span> <span class='ocrx_word' id='word_1_167' title='bbox 490 3422 622 3495; x_wconf 89' lang='lat' dir='ltr'><strong>corpus</strong></span> <span class='ocrx_word' id='word_1_168' title='bbox 635 3398 736 3495; x_wconf 91' lang='lat' dir='ltr'><strong>quod</strong></span> <span class='ocrx_word' id='word_1_169' title='bbox 749 3400 868 3471; x_wconf 87' lang='lat' dir='ltr'><strong>minus</strong></span> <span class='ocrx_word' id='word_1_170' title='bbox 882 3399 1046 3471; x_wconf 88' lang='lat' dir='ltr'><strong>resistat:</strong></span> <span class='ocrx_word' id='word_1_171' title='bbox 1065 3397 1222 3494; x_wconf 86' lang='lat' dir='ltr'><strong>exempli</strong></span> <span class='ocrx_word' id='word_1_172' title='bbox 1234 3421 1356 3485; x_wconf 88' lang='lat' dir='ltr'><strong>eausa,</strong></span> 
     </span>
     <span class='ocr_line' id='line_1_28' title="bbox 312 3509 1254 3607; baseline -0.003 -23"><span class='ocrx_word' id='word_1_173' title='bbox 312 3536 335 3584; x_wconf 92' lang='lat' dir='ltr'><strong>a</strong></span> <span class='ocrx_word' id='word_1_174' title='bbox 352 3512 449 3584; x_wconf 87' lang='lat' dir='ltr'><strong>vitro</strong></span> <span class='ocrx_word' id='word_1_175' title='bbox 466 3513 504 3583; x_wconf 90' lang='lat' dir='ltr'><strong>in</strong></span> <span class='ocrx_word' id='word_1_176' title='bbox 522 3535 644 3584; x_wconf 90' lang='lat' dir='ltr'><strong>aerem</strong></span> <span class='ocrx_word' id='word_1_177' title='bbox 658 3541 666 3583; x_wconf 92' lang='lat'>:</span> <span class='ocrx_word' id='word_1_178' title='bbox 694 3535 767 3607; x_wconf 92' lang='lat' dir='ltr'><strong>qua</strong></span> <span class='ocrx_word' id='word_1_179' title='bbox 781 3512 841 3584; x_wconf 86' lang='lat' dir='ltr'><strong>via</strong></span> <span class='ocrx_word' id='word_1_180' title='bbox 858 3511 988 3584; x_wconf 89' lang='lat' dir='ltr'><strong>tendet</strong></span> <span class='ocrx_word' id='word_1_181' title='bbox 1005 3513 1042 3584; x_wconf 90' lang='lat' dir='ltr'><strong>in</strong></span> <span class='ocrx_word' id='word_1_182' title='bbox 1062 3513 1126 3585; x_wconf 95' lang='lat' dir='ltr'><strong>illo</strong></span> <span class='ocrx_word' id='word_1_183' title='bbox 1143 3509 1254 3584; x_wconf 80' lang='lat' dir='ltr'><strong>aere?</strong></span> 
     </span>
    </p>

    <p class='ocr_par' dir='ltr' id='par_1_7' title="bbox 311 3623 1360 4171">
     <span class='ocr_line' id='line_1_29' title="bbox 365 3623 1357 3722; baseline -0.003 -25"><span class='ocrx_word' id='word_1_184' title='bbox 365 3624 413 3698; x_wconf 90' lang='lat' dir='ltr'><strong>B.</strong></span> <span class='ocrx_word' id='word_1_185' title='bbox 441 3625 627 3721; x_wconf 80' lang='lat' dir='ltr'><strong>Apuncto</strong></span> <span class='ocrx_word' id='word_1_186' title='bbox 649 3625 745 3698; x_wconf 90' lang='lat' dir='ltr'><strong>unde</strong></span> <span class='ocrx_word' id='word_1_187' title='bbox 763 3627 928 3722; x_wconf 87' lang='lat' dir='ltr'><strong>operatio</strong></span> <span class='ocrx_word' id='word_1_188' title='bbox 947 3626 1034 3714; x_wconf 85' lang='lat' dir='ltr'><strong>exit,</strong></span> <span class='ocrx_word' id='word_1_189' title='bbox 1054 3625 1211 3697; x_wconf 91' lang='lat' dir='ltr'><strong>ducatur</strong></span> <span class='ocrx_word' id='word_1_190' title='bbox 1231 3623 1279 3695; x_wconf 91' lang='lat' dir='ltr'><strong>ad</strong></span> <span class='ocrx_word' id='word_1_191' title='bbox 1297 3647 1357 3694; x_wconf 92' lang='lat' dir='ltr'><strong>su-</strong></span> 
     </span>
     <span class='ocr_line' id='line_1_30' title="bbox 311 3736 1360 3833; baseline 0 -25"><span class='ocrx_word' id='word_1_192' title='bbox 311 3736 499 3833; x_wconf 90' lang='lat' dir='ltr'><strong>perficiem</strong></span> <span class='ocrx_word' id='word_1_193' title='bbox 516 3736 601 3809; x_wconf 91' lang='lat' dir='ltr'><strong>vitri</strong></span> <span class='ocrx_word' id='word_1_194' title='bbox 620 3750 724 3809; x_wconf 91' lang='lat' dir='ltr'><strong>recta</strong></span> <span class='ocrx_word' id='word_1_195' title='bbox 740 3737 1064 3833; x_wconf 88' lang='lat' dir='ltr'><strong>perpendicularis.</strong></span> <span class='ocrx_word' id='word_1_196' title='bbox 1116 3737 1226 3810; x_wconf 82' lang='lat' dir='ltr'><strong>Actio</strong></span> <span class='ocrx_word' id='word_1_197' title='bbox 1239 3738 1317 3832; x_wconf 88' lang='lat' dir='ltr'><strong>jam</strong></span> <span class='ocrx_word' id='word_1_198' title='bbox 1337 3761 1360 3808; x_wconf 90' lang='lat' dir='ltr'><strong>a</strong></span> 
     </span>
     <span class='ocr_line' id='line_1_31' title="bbox 311 3850 1358 3947; baseline -0.004 -24"><span class='ocrx_word' id='word_1_199' title='bbox 311 3850 518 3924; x_wconf 86' lang='lat' dir='ltr'><strong>resistentia</strong></span> <span class='ocrx_word' id='word_1_200' title='bbox 530 3873 641 3946; x_wconf 88' lang='lat' dir='ltr'><strong>quam</strong></span> <span class='ocrx_word' id='word_1_201' title='bbox 654 3874 762 3947; x_wconf 88' lang='lat' dir='ltr'><strong>passa</strong></span> <span class='ocrx_word' id='word_1_202' title='bbox 779 3862 858 3923; x_wconf 90' lang='lat' dir='ltr'><strong>erat</strong></span> <span class='ocrx_word' id='word_1_203' title='bbox 876 3850 1041 3939; x_wconf 86' lang='lat' dir='ltr'><strong>liberata,</strong></span> <span class='ocrx_word' id='word_1_204' title='bbox 1057 3851 1222 3946; x_wconf 84' lang='lat' dir='ltr'><strong>diverget</strong></span> <span class='ocrx_word' id='word_1_205' title='bbox 1239 3874 1261 3922; x_wconf 87' lang='lat' dir='ltr'><strong>a</strong></span> <span class='ocrx_word' id='word_1_206' title='bbox 1278 3872 1358 3943; x_wconf 86' lang='lat' dir='ltr'><strong>per-</strong></span> 
     </span>
     <span class='ocr_line' id='line_1_32' title="bbox 311 3962 1358 4061; baseline -0.002 -26"><span class='ocrx_word' id='word_1_207' title='bbox 311 3962 539 4061; x_wconf 85' lang='lat' dir='ltr'><strong>pendiculari</strong></span> <span class='ocrx_word' id='word_1_208' title='bbox 557 3977 735 4060; x_wconf 88' lang='lat' dir='ltr'><strong>quantum</strong></span> <span class='ocrx_word' id='word_1_209' title='bbox 750 3964 797 4035; x_wconf 93' lang='lat' dir='ltr'><strong>ad</strong></span> <span class='ocrx_word' id='word_1_210' title='bbox 810 3963 1150 4058; x_wconf 87' lang='lat' dir='ltr'><strong>perpendicularem</strong></span> <span class='ocrx_word' id='word_1_211' title='bbox 1168 3976 1255 4035; x_wconf 84' lang='lat' dir='ltr'><strong>ante</strong></span> <span class='ocrx_word' id='word_1_212' title='bbox 1274 3985 1358 4034; x_wconf 91' lang='lat' dir='ltr'><strong>con·</strong></span> 
     </span>
     <span class='ocr_line' id='line_1_33' title="bbox 313 4077 501 4171; baseline 0.016 -26"><span class='ocrx_word' id='word_1_213' title='bbox 313 4077 501 4171; x_wconf 82' lang='lat' dir='ltr'><strong>vergebat.</strong></span> 
     </span>
    </p>

    <p class='ocr_par' dir='ltr' id='par_1_8' title="bbox 315 4188 1360 4512">
     <span class='ocr_line' id='line_1_34' title="bbox 365 4188 1360 4285; baseline -0.002 -26"><span class='ocrx_word' id='word_1_214' title='bbox 365 4189 414 4259; x_wconf 78' lang='lat' dir='ltr'><strong>A.</strong></span> <span class='ocrx_word' id='word_1_215' title='bbox 443 4188 602 4262; x_wconf 79' lang='lat' dir='ltr'><strong>Quando</strong></span> <span class='ocrx_word' id='word_1_216' title='bbox 633 4188 709 4285; x_wconf 92' lang='lat' dir='ltr'><strong>pila</strong></span> <span class='ocrx_word' id='word_1_217' title='bbox 737 4189 910 4285; x_wconf 87' lang='lat' dir='ltr'><strong>plumbea</strong></span> <span class='ocrx_word' id='word_1_218' title='bbox 937 4188 1101 4284; x_wconf 87' lang='lat' dir='ltr'><strong>sclopeto</strong></span> <span class='ocrx_word' id='word_1_219' title='bbox 1131 4188 1264 4261; x_wconf 89' lang='lat' dir='ltr'><strong>emissa</strong></span> <span class='ocrx_word' id='word_1_220' title='bbox 1294 4210 1360 4282; x_wconf 91' lang='lat' dir='ltr'><strong>per</strong></span> 
     </span>
     <span class='ocr_line' id='line_1_35' title="bbox 315 4300 1359 4397; baseline -0.001 -25"><span class='ocrx_word' id='word_1_221' title='bbox 315 4324 451 4385; x_wconf 86' lang='lat' dir='ltr'><strong>aerem,</strong></span> <span class='ocrx_word' id='word_1_222' title='bbox 468 4314 639 4397; x_wconf 84' lang='lat' dir='ltr'><strong>penetrat</strong></span> <span class='ocrx_word' id='word_1_223' title='bbox 656 4325 802 4375; x_wconf 91' lang='lat' dir='ltr'><strong>murum</strong></span> <span class='ocrx_word' id='word_1_224' title='bbox 820 4314 993 4386; x_wconf 88' lang='lat' dir='ltr'><strong>terreum,</strong></span> <span class='ocrx_word' id='word_1_225' title='bbox 1011 4301 1169 4374; x_wconf 90' lang='lat' dir='ltr'><strong>etiamne</strong></span> <span class='ocrx_word' id='word_1_226' title='bbox 1188 4312 1276 4373; x_wconf 90' lang='lat' dir='ltr'><strong>tunc</strong></span> <span class='ocrx_word' id='word_1_227' title='bbox 1293 4300 1359 4371; x_wconf 91' lang='lat' dir='ltr'><strong>fiet</strong></span> 
     </span>
     <span class='ocr_line' id='line_1_36' title="bbox 316 4412 1009 4512; baseline -0.001 -26"><span class='ocrx_word' id='word_1_228' title='bbox 316 4412 490 4487; x_wconf 84' lang='lat' dir='ltr'><strong>refractio</strong></span> <span class='ocrx_word' id='word_1_229' title='bbox 509 4438 634 4487; x_wconf 89' lang='lat' dir='ltr'><strong>versus</strong></span> <span class='ocrx_word' id='word_1_230' title='bbox 651 4414 1009 4512; x_wconf 84' lang='lat' dir='ltr'><strong>perpendicularem?</strong></span> 
     </span>
    </p>
   </div>
   <div class='ocr_carea' id='block_1_3' title="bbox 0 0 1492 5010">
    <p class='ocr_par' dir='ltr' id='par_1_9' title="bbox 0 0 1492 5010">
     <span class='ocr_line' id='line_1_37' title="bbox 0 0 1492 5010; baseline 0 0"><span class='ocrx_word' id='word_1_231' title='bbox 0 0 1492 5010; x_wconf 95' lang='lat' dir='ltr'><strong> </strong></span> 
     </span>
    </p>
   </div>
  </div>
 </body>
</html>
