2946 5010
359 389 671 445 manannanrcn
692 388 934 443 nonrnnnn.
1117 374 1163 438 35

122 577 212 651 ergo
245 553 286 628 id
320 555 419 653 quod
451 567 565 647 recte,
605 557 690 629 curn
723 556 845 652 vulgo,
886 567 972 629 ante
1007 553 1162 645 dixerat,
1196 576 1347 618 unrocus

122 668 267 742 numeri
283 669 504 767 principium
526 692 606 743 esse
621 668 814 758 unitatem,
840 693 939 742 nunc
965 678 1086 742 mutat
1099 667 1164 740 i-
1205 658 1347 761 ,L

125 781 208 856 Sed
237 791 276 855 et
306 783 393 883 ἰρεα
425 783 550 857 unitor
582 806 653 856 non
684 782 904 856 incommode
937 805 1164 856 numerornm

122 894 302 994 catologo
319 897 509 971 accenseri
518 895 903 995 possit-Quomodo
928 920 1004 970 non
1024 896 1164 970 incom-

122 1007 244 1099 mode,
262 1010 334 1084 nisi
354 1022 392 1084 et
409 1009 522 1085 vere?
566 1011 641 1085 Sed
666 1033 779 1107 quare
804 1033 880 1084 non
904 1009 1163 1084 incommode?

123 1120 234 1210 Quia,
252 1147 423 1197 aunem
440 1122 486 1196 de
502 1123 599 1198 omni
620 1121 684 1196 illc
707 1122 848 1197 dicitur
872 1147 944 1220 qno
971 1123 1167 1221 quaestioni

121 1247 218 1330 quot
234 1248 323 1309 sunt
340 1237 561 1332 affirmative
577 1235 847 1335 respondetur:
873 1244 911 1310 et
928 1236 1025 1333 quia,
1044 1236 1165 1309 orith-

122 1347 259 1421 metica
271 1349 396 1423 codem
408 1350 512 1423 modo
530 1350 760 1423 eternitatem
775 1359 812 1423 et
829 1359 986 1423 anteros
998 1372 1165 1428 numos

122 1469 282 1535 tractat.
363 1462 484 1536 Multa
511 1462 624 1536 habet
653 1463 882 1537 theoremata
916 1462 1090 1536 Euclides
1119 1462 1166 1536 de

123 1575 287 1648 numeris
299 1584 384 1671 post
400 1575 581 1649 unitatem
599 1585 701 1649 certa
717 1576 860 1649 ratione
870 1575 1165 1672 procedentibus,

122 1685 329 1761 deunitate
346 1689 499 1762 nullum.
543 1689 675 1786 Neque
695 1690 843 1785 quidem
861 1689 1021 1764 numeris
1037 1688 1166 1787 primis

123 1812 296 1873 accenset
307 1801 608 1874 unitatem-Et
625 1800 768 1897 quidem
780 1801 886 1898 apud
896 1800 1166 1901 grammaticos

125 1912 1166 2011 numerasaiognlorisaineaoloeciamo‹licitum-Quam-

124 2048 236 2121 quam
253 2025 293 2099 in
309 2026 381 2099 hac
398 2027 600 2123 qnaestione
620 2026 943 2122 grammaticorum
960 2026 1166 2101 authoritas

123 2162 200 2213 non
216 2138 375 2213 multum
390 2140 512 2213 valere
529 2139 674 2230 debeat,
690 2163 766 2213 non
790 2148 915 2213 tamen
938 2139 1022 2213 ideo
1039 2139 1168 2214 dicunt

124 2275 318 2326 nnmerum
335 2253 570 2350 singularem,
592 2253 693 2349 qnod
714 2251 868 2327 credant
889 2252 1071 2328 unitatem
1087 2275 1167 2326 esse

123 2387 330 2451 numerum
353 2364 419 2439 sed
443 2365 544 2462 quod
569 2365 609 2439 in
633 2389 787 2440 numero
812 2366 961 2463 quidem
990 2366 1167 2464 singulari

123 2476 321 2552 flexionem
354 2489 495 2575 ponant
528 2478 687 2553 nominis
729 2478 830 2576 qnod
870 2479 1055 2577 significat
1087 2502 1167 2553 rem

122 2613 249 2681 unam,
273 2591 314 2664 in
343 2591 476 2689 plurali
503 2602 638 2682 antem,
663 2590 822 2666 nominis
850 2591 952 2688 quod
982 2591 1167 2688 significat

123 2727 182 2779 res
197 2703 333 2802 plures.

174 2816 223 2891 B.
241 2831 372 2913 ἀκριβῶς.
389 2817 564 2915 Sequitur
571 2819 691 2915 Caput
697 2817 1164 2907 iii.,DeDemonstrotione.

174 2932 225 3007 Α.
250 2931 531 3005 Denwnstrotio
544 2929 864 3029 estryllogiamus,
877 2929 939 3026 qui
951 2931 1166 3032 affectiones

119 3045 305 3144 proprios
323 3044 370 3118 dc
386 3043 551 3140 saln'ccto
561 3068 637 3142 per
646 3043 835 3143 proprias
863 3067 999 3118 causor
1020 3044 1166 3118 &moro

125 3155 517 3252 strat-Intelligisne
533 3178 599 3252 per
617 3154 868 3230 definitionem
891 3155 987 3229 hanc
1012 3154 1101 3252 quid
1117 3155 1166 3229 sit

125 3268 420 3345 demonstratio?

177 3383 227 3458 B.
255 3382 422 3471 Quidni?

175 3493 223 3571 A.
250 3495 438 3571 Intellexti
451 3519 540 3591 ergo
554 3495 644 3592 quid
652 3496 915 3593 significatvox
928 3495 1166 3569 demontrat.

128 3608 237 3684 Unda
253 3622 389 3701 antem,
404 3609 436 3683 si
452 3609 640 3683 nesciebas
657 3609 747 3705 quid
763 3620 859 3684 esset
876 3606 1164 3682 demonstratio?

176 3723 227 3798 B.
253 3723 371 3798 Recte
389 3722 493 3798 dicis.
544 3723 642 3797 Nam
666 3723 826 3797 sciebam
845 3733 945 3810 ante,
969 3744 1015 3794 ex
1037 3719 1167 3793 defini-

126 3836 229 3910 tione
257 3836 506 3927 Aristotelica,
527 3860 639 3933 quam
664 3848 703 3910 et
728 3836 805 3932 ipse
828 3834 1010 3933 apposnit,
1035 3856 1166 3931 nempe

126 3946 247 4022 hanc:
273 3959 409 4028 daedaliae
429 3960 471 4020 tel
492 3958 680 4038 συλλογισμὸς
709 3959 898 4038 ἕπιςημονικός
924 3958 1091 4030 ὶξᾶληθῦν,
1119 3961 1166 4018 ral

126 4075 248 4152 rodum,
266 4075 312 4131 rai
334 4074 460 4146 ἀμέσων,
478 4073 523 4130 καὶ
541 4072 754 4150 γνυριμοτέρων,
778 4071 823 4128 καὶ
844 4071 988 4148 προτέρων,
1006 4072 1051 4129 cal
1069 4069 1166 4130 dirior

127 4199 173 4252 roa
185 4194 434 4271 σνμηράσματοςῑ
452 4201 563 4275 qnam
579 4177 640 4251 ille
657 4174 818 4250 reddidit
834 4176 1050 4251 breviorem

174 4291 226 4365 A.
252 4291 313 4365 An
336 4288 587 4365 definitionem
612 4290 769 4365 dominia
787 4289 1058 4364 Aristotelicam
1083 4290 1166 4363 bre-

1009 4425 1068 4478 nn
