2946 5010
445 429 723 482 raonnnnnrn
743 428 936 483 rnrsros.
1139 413 1211 480 34³

169 609 208 672 et
225 621 247 672 a
264 597 465 694 maj0ribus
481 598 653 671 maribus.
698 597 847 671 Montes
864 609 988 671 autem
1005 596 1059 670 illi
1077 596 1115 670 in
1132 598 1211 695 qui·
1265 618 1334 659 cnr.
1349 617 1390 661 vr.

168 712 238 785 bus
265 724 351 784 sunt
369 711 446 784 Nili
464 711 718 808 scaturigines,
737 711 916 784 maximos
944 733 1023 784 esse
1054 721 1211 801 constat,
1225 686 1428 807 affin,

169 837 208 898 et
225 826 292 898 sub
310 836 509 921 aequatore,
533 837 572 897 et
589 848 702 922 prope
720 847 821 897 mare
839 823 1020 897 Indicum.
1072 823 1211 898 Miran-
1224 813 1427 925 fflussssl'*

170 938 258 1012 dum
275 962 364 1035 ergo
381 962 457 1011 non
476 949 543 1027 est,
561 938 593 1011 si
621 938 660 1011 in
686 937 757 1011 illis
780 937 969 1011 montibus
988 937 1148 1010 maxima
1164 937 1213 1011 sit

168 1052 263 1125 nivis
299 1052 416 1148 copia.
470 1052 563 1125 Quae
596 1049 661 1123 nix
694 1049 899 1145 liquescens
931 1050 1058 1123 Nilum
1088 1061 1212 1145 auget,

169 1167 274 1261 cujus
307 1188 403 1260 aqua
436 1164 622 1237 mensibus
649 1162 787 1259 Aprilis
822 1174 861 1236 et
895 1162 987 1235 Maii
1023 1161 1215 1237 descendit

169 1301 295 1350 versus
311 1277 525 1373 AEgyptum,
551 1289 589 1349 et
618 1276 693 1350 illic
724 1275 902 1365 elevatur,
928 1275 1087 1348 maxime
1115 1276 1214 1349 circa

169 1391 365 1465 solstitium
383 1389 572 1464 aestivum:
598 1390 723 1486 itaque
740 1401 875 1462 terram
893 1387 1061 1461 inundat.

220 1505 270 1577 Α.
298 1505 376 1577 Cur
405 1527 494 1599 ergo
522 1526 599 1576 nou
621 1502 778 1575 inundat
803 1501 860 1575 bis
888 1502 926 1574 in
950 1525 1060 1591 anno,
1084 1502 1213 1593 idest,

171 1617 314 1713 quoties
332 1616 387 1690 sol
404 1616 515 1689 estin
533 1613 748 1710 aequatorei

220 1733 270 1803 B.
297 1730 354 1802 Ab
378 1729 582 1826 aequinoxio
610 1727 814 1801 autumnali
840 1727 1077 1823 progreditur
1094 1727 1150 1802 sol
1165 1729 1214 1802 ad

168 1844 354 1940 tropicum
381 1842 603 1930 Australem,
624 1852 667 1915 ut
694 1842 816 1914 nivem
837 1842 876 1913 in
901 1841 1078 1914 lateribus
1109 1865 1214 1915 mon-

170 1957 263 2029 tium
282 1956 344 2052 qui
357 1955 559 2050 AEgyptum
574 1966 742 2051 spectant
759 1954 978 2049 liquefacere
997 1979 1071 2028 non
1085 1956 1211 2050 possit.

221 2069 269 2141 A.
297 2069 455 2164 Oportet
481 2078 604 2140 autem
636 2080 679 2141 ut
708 2067 756 2140 sit
787 2066 979 2140 inundatio
1014 2068 1141 2142 similis
1168 2091 1214 2142 ex

170 2191 274 2275 parte
292 2182 474 2253 montium
491 2181 665 2254 Australi.

221 2289 266 2364 B.
294 2292 501 2366 Descensus
519 2293 669 2387 quidem
696 2316 878 2387 aquarum
904 2294 1024 2389 major
1046 2294 1213 2391 profecto

170 2404 280 2478 debet
297 2429 388 2494 esse,
405 2405 492 2502 quia
521 2406 639 2500 major
658 2418 712 2478 cst
742 2406 950 2500 liquefactae
975 2408 1069 2479 nivis
1095 2407 1213 2503 copia.

172 2518 368 2592 inundatio
387 2531 511 2591 autem
528 2519 628 2591 nulla
644 2542 722 2591 esse
736 2530 871 2614 potest,
884 2519 955 2591 nisi
973 2519 1216 2594 inundaretur

170 2656 272 2705 mare
293 2633 472 2717 Indicum,
493 2632 592 2728 quod
610 2644 755 2705 montes
772 2632 855 2704 illos
873 2632 990 2707 alluit.

221 2745 333 2819 Quod
357 2743 404 2817 ad
436 2767 584 2816 causam
612 2744 747 2817 attinet
775 2756 941 2817 curtam
965 2769 1048 2818 raro
1065 2744 1159 2841 pluit
1176 2744 1215 2818 iu

169 2857 345 2954 AEgypto,
364 2881 446 2930 eam
465 2881 542 2930 esse
555 2872 658 2954 puto,
676 2857 776 2954 quod
793 2858 900 2931 valde
918 2860 1042 2955 magni
1071 2871 1215 2931 montes

169 2994 285 3066 prope
301 2971 503 3067 AEgyptum
531 2971 622 3044 nulli
653 2971 796 3044 sintin
828 2973 959 3067 quibus
990 2973 1106 3045 nubes
1135 2972 1215 3045 sisti

169 3096 336 3178 possunt.
389 3085 538 3158 Montes
563 3085 662 3157 enim
686 3084 785 3157 unde
804 3085 911 3158 Nilus
929 3085 1058 3172 oritur,
1077 3084 1216 3158 distant

170 3194 257 3268 inde
288 3197 436 3269 circiter
463 3206 561 3271 2000
586 3197 684 3269 mille
714 3221 898 3292 passuum.
953 3197 1027 3271 Qui
1057 3197 1214 3291 proximi

170 3320 257 3381 sunt
274 3310 320 3380 ab
337 3333 412 3381 uno
430 3309 557 3396 latere,
575 3320 662 3381 suut
686 3323 832 3383 montes
850 3310 1006 3382 Nubiae:
1034 3309 1081 3382 ab
1098 3309 1216 3382 altera

170 3435 288 3515 parte,
309 3422 397 3493 Sina
414 3434 451 3493 ct
470 3433 611 3493 montes
630 3422 777 3495 Arabiae
795 3422 884 3495 satis
903 3421 1034 3495 dissiti.

221 3533 270 3607 A.
299 3535 408 3607 Unde
426 3536 598 3607 oriuntur
615 3535 743 3608 venti?

221 3648 270 3719 B.
299 3648 497 3744 Praecipue,
516 3660 559 3720 ut
576 3648 733 3738 videtur,
752 3672 774 3721 a
791 3660 897 3721 motu
913 3648 1079 3722 nubium.
1131 3650 1216 3722 Par-

171 3760 238 3832 tim
256 3761 368 3833 etiam
386 3785 408 3832 a
425 3784 464 3832 re
479 3783 695 3858 quacunque
713 3762 752 3834 in
770 3785 854 3834 aere
872 3772 984 3834 mota.

219 3879 268 3950 A.
296 3878 422 3951 Nubes
439 3902 462 3950 a
477 3878 597 3950 ventis
614 3878 702 3951 ferri
720 3878 956 3951 manifestum
974 3890 1041 3950 est.
1069 3875 1213 3949 Videris

169 4015 257 4086 ergo
276 3993 446 4064 effectum
465 4015 602 4088 ponere
620 4003 707 4065 ante
725 4015 884 4064 oausam.

219 4111 268 4181 B.
297 4110 335 4181 Si
349 4110 484 4181 nubem
498 4132 647 4181 movere
661 4109 752 4181 nihil
766 4121 891 4205 posset
903 4117 1039 4204 praeter
1050 4118 1213 4197 ventum,

169 4220 328 4317 objectio
347 4223 408 4295 illa
425 4223 523 4295 bona
539 4234 647 4295 essct.
700 4222 774 4295 Sed
795 4222 932 4295 nubem
950 4221 1131 4316 gravitate
1148 4243 1215 4295 sua

171 4334 394 4409 descendere
411 4358 518 4432 posse
535 4336 779 4409 certissimum
797 4349 864 4409 est.
913 4334 1072 4409 Quando
1090 4346 1214 4406 autem
