2946 5010
350 432 666 486 smrnnmnrrcn
686 431 930 485 numanum.
1120 409 1167 489 75

122 599 205 688 bus,
231 597 352 672 solida
375 598 512 673 solidis.
566 600 661 675 Quae
685 623 774 672 vero
801 599 1046 695 heterogenea
1071 606 1168 686 sunt,
1204 618 1355 662 unrocus

125 711 269 786 diverso
292 735 428 808 genere
450 736 632 786 mensurae
656 722 927 785 mensurantur.
979 712 1044 785 Sin
1062 710 1169 783 lineae
1208 701 1352 804 „L

123 848 192 922 pro
219 825 473 899 minutissimis
498 824 850 922 parallelogrammis
877 825 1170 913 considerentur,

123 951 168 1012 nt
184 939 232 1011 ab
249 937 294 1012 iis
311 925 593 1012 considerautur
609 938 672 1033 qui
696 936 870 1010 methodo
894 934 1172 1010 demonstrandi

125 1063 286 1124 utuntur
307 1074 363 1141 ea,
391 1074 464 1146 qua
493 1051 753 1123 Bonaventura
783 1050 992 1123 Caralerius
1017 1050 1056 1122 in
1081 1047 1171 1121 doc-

125 1162 228 1237 trina
255 1160 542 1236 Indiciaililiam
574 1185 662 1235 usus
691 1173 761 1248 est,
786 1162 976 1235 habebunt
1004 1162 1102 1235 inter
1131 1184 1171 1234 se

125 1277 311 1350 rationem
332 1276 444 1349 etiam
461 1274 571 1349 lineae
591 1284 705 1349 reatae
727 1286 767 1349 et
788 1276 1004 1373 superficies
1019 1274 1172 1373 plaaoe;

125 1401 308 1486 poterunt
329 1389 427 1461 enim
451 1389 544 1462 tales
566 1388 674 1462 lineae
697 1388 947 1485 multiplicatae
970 1388 1172 1485 quamlibet

126 1501 273 1576 finitam
288 1502 519 1599 superficiem
536 1502 685 1598 planam
702 1526 886 1599 superare.

181 1614 232 1688 B.
258 1615 353 1688 Mihi
369 1627 494 1689 tamen
517 1615 682 1690 definitio
708 1616 993 1690 honorationem
1017 1615 1174 1688 interae

128 1726 347 1817 labentium,
364 1751 412 1802 ne
425 1729 478 1802 sic
491 1727 639 1824 quidem
652 1727 799 1802 videtur
815 1741 1010 1812 accurata;
1035 1726 1174 1801 habent

129 1841 231 1916 enim
247 1842 429 1915 rationem
447 1842 546 1915 iuter
562 1865 602 1915 se
615 1865 797 1915 mensurae
813 1841 1065 1937 longitudinis,
1082 1851 1175 1912 tem·

129 1953 245 2050 poris,
263 1965 302 2027 et
319 1966 465 2038 motus;
492 1964 530 2027 et
547 1967 701 2051 possunt
719 1953 970 2050 multiplicatae
988 1976 1028 2025 se
1045 1962 1175 2025 mutuo

131 2089 319 2162 superare.
370 2068 548 2140 Attamen
576 2066 675 2141 inter
700 2067 836 2140 lineam
862 2078 902 2139 et
926 2077 1085 2162 tempus,
1115 2065 1176 2138 vel

131 2181 231 2254 iuter
260 2179 395 2254 lineam
424 2191 463 2252 et
489 2191 644 2268 motum,
674 2179 856 2253 rationem
890 2202 971 2252 esse
1000 2178 1074 2251 dici
1100 2201 1177 2251 non

131 2303 267 2389 potest.

182 2405 234 2478 A.
261 2405 386 2478 Potest
403 2404 552 2501 quidem
568 2429 643 2479 non
661 2406 782 2479 minus
804 2404 890 2496 dici,
912 2430 1026 2502 quam
1045 2404 1180 2478 lineam

132 2542 217 2593 erae
241 2527 394 2615 tempas.
447 2518 520 2592 Sed
548 2519 788 2594 Archimedes
817 2520 950 2616 aliique
978 2530 1178 2616 geometrae

133 2656 209 2707 nou
226 2631 347 2729 pauci,
371 2656 456 2705 cum
477 2644 624 2729 tempus
646 2657 828 2730 exponere
845 2634 986 2723 volunt,
1010 2642 1101 2722 eata,
1122 2632 1180 2703 in-

133 2746 279 2842 quiunt,
296 2745 368 2819 AB
386 2754 554 2842 tempas:
580 2769 672 2841 quos
686 2771 755 2843 ego
773 2747 933 2844 culpare,
951 2770 1035 2820 cum
1054 2768 1181 2819 omnes

134 2858 389 2955 loquutionem
406 2856 506 2930 illam
522 2857 617 2930 bene
634 2858 855 2956 intelligant,
872 2883 948 2933 non
966 2859 1153 2933 auderem.

187 2970 238 3044 B.
263 2969 450 3044 Wallisius
467 2969 633 3043 auderet.

187 3083 237 3156 A.
263 3083 438 3157 Definitio
456 3093 561 3157 sexta
578 3095 635 3157 est
652 3080 816 3180 ejusdem
832 3086 1005 3175 rationis,
1029 3110 1111 3182 quae
1128 3087 1182 3160 sio

136 3221 178 3272 se
194 3197 319 3271 habet.

188 3309 237 3382 B.
265 3311 361 3383 Siste
386 3309 543 3408 gradum
568 3309 765 3407 paulisper.
818 3311 952 3385 Nonne
976 3311 1184 3407 analogiam

137 3422 250 3497 modo
268 3422 433 3498 definivit
449 3422 633 3512 Euclides,
662 3447 741 3497 esse
766 3424 1044 3499 similitudinem
1070 3423 1185 3497 ratio-

138 3535 257 3610 num?
307 3534 523 3609 Similitudo
540 3547 665 3609 autem
683 3537 867 3610 rotimum
884 3547 922 3610 et
939 3536 1068 3610 eadem
1084 3533 1185 3607 ratio

138 3649 269 3724 eadem
287 3661 346 3722 est
362 3672 433 3722 res.
484 3648 641 3722 Videtur
658 3673 748 3746 ergo
765 3650 856 3723 mihi
872 3649 1092 3748 analogiam
1108 3636 1185 3722 sive

131 3761 419 3862 proportionem
435 3762 508 3834 hoc
524 3761 605 3835 loco
622 3761 755 3834 iterum
774 3762 939 3836 definire.

192 3874 242 3947 A.
268 3874 436 3948 Minime.
489 3873 592 3947 Nihil
618 3874 679 3948 hio
705 3885 894 3970 peccatur.
947 3872 1047 3948 Quid
1075 3872 1186 3962 enim,

140 3987 171 4061 si
199 3987 282 4083 quis
307 3985 486 4058 hominem
512 3985 683 4059 definiret
710 4009 789 4058 esse
818 3984 959 4057 animal
985 3983 1185 4070 ratiormle,

140 4099 239 4198 apud
257 4099 402 4173 nescios
420 4098 508 4194 quid
523 4097 664 4171 animal
677 4095 866 4171 rationale
883 4095 1003 4170 esset?
1056 4098 1187 4194 Itaque

138 4216 177 4288 in
192 4213 410 4289 defiuitione
423 4213 493 4285 hae
511 4224 617 4285 sexta
633 4212 725 4285 illud
739 4211 827 4308 agit,
840 4220 883 4283 ut
892 4212 1187 4309 proportionem,

141 4329 217 4404 sive
233 4327 393 4404 eandem
409 4326 603 4416 rationem,
623 4349 690 4423 per
705 4324 984 4422 generationem
1002 4327 1080 4421 ejus
1097 4326 1187 4400 defi-
