2946 5010
306 405 380 473 348
581 420 860 474 aaonnuuara
879 422 1071 477 anrsrcs.

130 611 250 654 car-vt·
304 599 440 685 aquam
457 589 568 663 maris
585 601 624 663 et
639 590 833 664 fluminum
851 591 1038 690 congelari
1056 590 1144 663 dixi.
1183 590 1346 664 Guttulae

90 679 293 801 affin„
303 713 429 775 autem
446 702 499 775 sic
515 702 720 799 congelntae
737 715 824 778 sunt
840 705 915 777 nix.

87 806 292 918 fflffl'*
354 814 404 889 Α.
432 816 629 890 Quomodo
653 839 742 913 ergo
766 818 1009 913 congelantur
1033 827 1152 912 guttae
1178 819 1348 912 majores,

300 929 461 1003 maxime
479 953 567 1004 vero
584 940 751 1026 tempore
768 931 910 1021 aestivo,
927 930 966 1004 in
984 929 1228 1027 grandinem?

354 1041 402 1114 Β.
431 1042 473 1115 Iu
484 1053 612 1117 aestate
625 1043 783 1117 maxime
797 1043 980 1139 contingit
993 1054 1036 1115 ut
1048 1042 1165 1116 nubes
1176 1051 1347 1116 constent

301 1176 348 1226 ex
371 1155 541 1228 maximis
558 1155 685 1251 guttis,
703 1166 819 1251 utque
837 1157 998 1229 maxima
1014 1157 1123 1252 copia
1140 1180 1245 1252 aquae
1273 1154 1347 1227 ele-

301 1279 421 1341 vetur.
456 1268 586 1364 ltaque
599 1268 720 1365 spatio
736 1268 834 1342 inter
852 1281 990 1343 terram
1007 1280 1045 1341 et
1060 1269 1175 1341 nubes
1189 1268 1346 1341 arctiore

299 1379 411 1471 facto,
438 1391 561 1455 motus
588 1382 683 1455 aeris
710 1391 816 1456 tanto
850 1383 893 1456 fit
918 1381 1101 1455 velocior:
1128 1392 1166 1454 et
1191 1381 1346 1478 proinde

299 1505 427 1589 guttas
453 1492 535 1567 illas
562 1493 735 1590 congelat
756 1519 832 1568 non
858 1494 898 1567 in
923 1494 1012 1590 ipsis
1039 1494 1210 1581 nubibus,
1233 1493 1298 1566 sed
1323 1517 1347 1566 a

298 1606 459 1683 nubibus
470 1607 656 1681 cadentes.
692 1607 773 1682 Nec
786 1621 911 1681 tamen
921 1617 1020 1681 totas
1031 1607 1214 1703 congelat,
1230 1606 1346 1702 (quod

299 1719 457 1794 cadendi
475 1720 649 1817 exiguum
667 1732 813 1817 tempus
841 1743 916 1795 non
942 1719 1114 1818 patitur),
1132 1718 1198 1792 sed
1220 1719 1259 1790 in
1285 1743 1345 1792 su-

298 1834 449 1930 perficie
473 1844 641 1907 tautum:
677 1844 720 1907 ut
747 1833 984 1908 manifestum
1009 1847 1076 1921 est,
1103 1855 1149 1905 ex
1175 1832 1345 1928 eoquod

299 1947 417 2021 multo
434 1971 546 2042 quam
563 1947 699 2044 glacies
716 1959 783 2020 aut
799 1948 863 2020 nix
879 1947 988 2020 citius
1005 1946 1209 2042 liquefiunt.

351 2060 401 2134 A.
428 2061 504 2135 Cur
520 2084 596 2134 non
609 2060 807 2157 aliquando
820 2061 950 2149 nubes,
962 2059 1074 2134 etiam
1088 2060 1245 2155 integrae
1256 2083 1344 2155 gra-

299 2173 479 2269 vidaeque,
509 2175 754 2272 congelantur
788 2175 826 2247 in
861 2198 973 2247 unam
1007 2197 1180 2270 magnam
1213 2174 1345 2269 glaciei

300 2286 463 2362 molem?

349 2400 397 2473 B.
426 2401 494 2489 lta,
513 2400 636 2489 credo,
655 2400 898 2496 congelantur
915 2400 1058 2497 quoties
1074 2410 1193 2473 tonat.

351 2515 401 2588 A.
429 2513 502 2587 Sed
522 2537 634 2609 quare
653 2515 706 2586 ita
723 2513 870 2586 credis?

350 2628 401 2700 B.
428 2627 583 2721 Propter
614 2627 733 2723 ipsum
764 2651 906 2714 sonum,
934 2626 997 2722 qui
1026 2627 1174 2722 proprie
1193 2625 1345 2722 fragor

302 2742 460 2814 dicitur:
489 2763 618 2813 sonum
637 2740 732 2828 dico,
750 2740 894 2836 qualem
913 2740 1025 2812 efficit
1044 2740 1198 2812 duorum
1214 2762 1343 2832 eorpo-

300 2877 383 2926 rum
401 2853 596 2926 diffractio.
649 2854 723 2927 Qui
739 2854 864 2949 fragor
877 2854 1061 2949 quomodo
1075 2854 1153 2925 fieri
1170 2852 1285 2947 possit
1302 2852 1341 2923 in

300 2990 456 3063 corpore
474 2991 550 3040 non
568 2966 671 3055 duro,
690 2968 897 3063 intelligere
915 2992 990 3040 non
1008 2991 1166 3063 possum.

351 3082 400 3153 Α.
428 3081 519 3168 Im0‚
532 3080 651 3176 pulvis
668 3081 728 3153 ille
746 3105 855 3177 quem
874 3082 1060 3177 appellant
1078 3104 1207 3153 aurum
1219 3078 1341 3150 fulmi-

299 3217 403 3283 nans,
422 3193 541 3266 mollis
559 3206 625 3266 est.
679 3195 853 3266 Attamen
878 3196 907 3266 si
935 3194 1164 3289 aequabiliter
1187 3193 1341 3280 calefiat,

298 3307 484 3403 fragorem
502 3307 576 3380 edit
591 3307 745 3379 similem
758 3308 925 3380 tonitrui.

351 3421 400 3496 Β.
429 3421 503 3494 Sed
519 3420 712 3516 pulvisculi
728 3420 825 3494 illius
838 3421 1027 3518 particulae
1046 3419 1200 3515 singulae
1214 3442 1279 3514 per
1293 3442 1342 3506 se,

299 3558 365 3607 cur
382 3559 457 3607 non
475 3545 628 3629 possunt
645 3557 723 3606 esse
741 3532 854 3621 durae,
869 3533 937 3605 etsi
956 3543 1056 3605 totus
1071 3531 1238 3604 cumulus
1251 3530 1342 3602 mol-

299 3645 343 3717 lis
369 3646 437 3719 sit:
465 3645 774 3741 quemadmodum
798 3670 920 3718 arenae
946 3668 1098 3717 acervus
1127 3644 1246 3717 mollis
1275 3654 1342 3729 est,

298 3783 507 3854 quanquam
524 3784 680 3855 granum
699 3761 777 3854 ejus
794 3757 1083 3853 unumquodque
1102 3757 1235 3829 durum
1260 3757 1341 3828 est?

298 3871 400 3944 Sales
418 3874 580 3945 omnium
599 3896 776 3968 generum
794 3871 929 3944 similes
949 3882 1035 3943 sunt
1052 3871 1196 3965 glaciei,
1215 3882 1251 3942 et
1269 3871 1342 3942 fra-

298 3985 389 4079 giles
406 3997 448 4058 ut
472 3986 619 4080 glacies.
671 3985 793 4056 Etiam
821 3996 862 4056 ut
885 3986 950 4056 fiat
977 4008 1106 4055 aurum
1130 3982 1340 4069 fulminans,

299 4096 508 4171 dissolvitur
526 4123 656 4170 aurum
674 4121 743 4192 ope
768 4096 856 4168 nitri
883 4109 920 4169 et
944 4098 1071 4169 salium
1098 4097 1276 4169 aliorum:
1304 4109 1341 4166 et

299 4234 454 4305 granum
472 4210 761 4307 unumquodque
779 4210 859 4283 auri
873 4210 1101 4282 fulminantis
1115 4234 1181 4304 per
1193 4233 1242 4295 se,
1254 4208 1284 4278 si
1301 4208 1340 4279 in

299 4323 422 4418 ignem
452 4325 649 4420 injiciatur,
677 4324 848 4419 crepitat,
872 4323 911 4394 id
936 4337 1004 4412 est,
1028 4323 1185 4418 fragoris
1210 4346 1340 4395 sonum
