2946 5010
309 389 357 467 70
524 407 793 463 axannrarro
813 411 864 464 nr
883 412 1132 468 nnnnoarro

118 597 269 640 catonus
307 586 373 650 est.
426 575 602 651 Solebant
624 579 721 651 enim
738 591 951 675 geometra,
968 605 1053 656 cum
1077 581 1213 657 vellent
1237 585 1350 660 ratio-

120 679 264 783 „.¹„¹‘..„
307 713 395 764 num
423 689 700 764 similitudinem
729 693 923 789 explicare,
950 695 1070 769 Graeci
1099 695 1247 792 quidem
1276 699 1349 772 hac

306 826 398 877 voce
420 803 475 876 uti
491 813 654 893 οὓτωςὲχει,
678 805 801 879 Latini
828 831 915 880 vero
939 809 1021 897 hac,
1052 807 1110 880 ita
1140 833 1183 882 se
1210 809 1349 886 habet:

305 941 416 1015 quam
438 917 692 1013 loquutionem
721 919 870 995 admisit
898 921 1070 996 Euclides
1092 923 1131 995 in
1162 923 1348 1000 definitio-

303 1056 389 1105 nem
404 1055 507 1105 suam
524 1031 690 1122 rationis,
701 1057 811 1129 quam
829 1034 912 1108 ideo
929 1035 1127 1132 appellavit
1137 1050 1219 1105 ποιὰν
1233 1051 1346 1129 axem,

306 1156 343 1220 et
371 1145 493 1219 Latini
520 1154 660 1220 certam
683 1146 944 1222 habitudinem.
994 1149 1044 1222 Et
1073 1147 1248 1222 credibile
1278 1162 1347 1243 est,

307 1259 338 1331 si
372 1258 491 1333 Graeci
527 1257 640 1355 vulgo
672 1283 739 1356 pro
768 1271 851 1338 οὓτως
874 1269 932 1350 ἔχει
966 1260 1143 1334 dixissent
1170 1270 1254 1339 onoc
1277 1272 1348 1356 tw,

306 1371 496 1445 Euclidem
508 1370 743 1445 definiturum
753 1372 865 1445 fuisse
877 1373 1060 1447 rationem
1070 1382 1347 1470 pernoctantem,

307 1496 345 1560 et
362 1484 483 1559 Latini
499 1507 567 1582 per
584 1494 721 1557 certam
739 1484 945 1559 essentiam.

359 1597 409 1672 B.
435 1599 617 1673 Quaenam
634 1608 759 1670 autem
775 1607 832 1670 est
848 1597 1010 1670 rationis
1027 1598 1192 1673 definitio
1206 1621 1295 1672 vera
1310 1606 1349 1671 et

307 1709 507 1787 accurata?

358 1825 407 1898 A.
436 1824 553 1898 Ratio
569 1832 625 1898 eat
640 1823 775 1898 relatio
792 1823 1114 1899 antecedentiam
1127 1847 1350 1922 consequens

306 1940 501 2013 seeundum
517 1939 815 2039 magnitudinem.

355 2053 405 2126 B.
433 2052 531 2128 Quid
546 2054 595 2126 sit
611 2051 833 2126 antecedens
846 2062 884 2125 et
897 2051 986 2146 qnid
999 2073 1226 2146 consequens
1238 2049 1348 2124 intel·

306 2166 493 2263 ligendum
511 2178 568 2239 est
585 2190 630 2241 ex
648 2166 860 2238 definitione
877 2165 1082 2238 relatorum
1092 2191 1107 2247 ;
1132 2163 1198 2237 sed
1222 2174 1348 2238 tamen

305 2303 382 2353 non
400 2280 637 2378 cognoscitur
653 2303 699 2352 ex
716 2279 785 2352 hac
810 2278 1023 2351 definitione
1049 2277 1208 2350 rationis
1232 2301 1348 2373 quan·

306 2394 407 2467 titas.

358 2505 407 2579 A.
435 2505 565 2600 Neque
586 2527 631 2576 ex
655 2501 866 2575 definitione
887 2501 1072 2598 trianguli,
1095 2502 1209 2599 ipsius
1235 2504 1348 2578 triau-

306 2619 383 2715 guli
403 2618 601 2714 quantitas.

359 2731 407 2803 B.
434 2731 504 2803 Dic
531 2753 619 2826 ergo
643 2728 828 2825 quomodo
852 2727 1108 2824 computandae
1136 2728 1211 2801 sint
1237 2730 1347 2803 ratio·

307 2868 394 2916 num
413 2841 665 2940 quantitates?

357 2956 407 3030 A.
434 2956 568 3046 Primo,
586 2979 661 3028 non
679 2955 797 3028 omnis
815 2955 909 3027 ratio
928 2966 984 3026 est
1000 2966 1150 3050 quanta.

358 3070 407 3142 B.
434 3071 572 3142 Mirum
589 3069 661 3142 hoc
678 3068 782 3156 dicis,
799 3068 981 3141 rollonem
999 3069 1108 3142 aliam
1131 3093 1211 3143 esse
1234 3096 1347 3167 quoa

306 3192 391 3266 tam,
408 3183 516 3256 aliam
534 3206 604 3254 noa
620 3189 807 3279 quantam.

355 3297 405 3370 A.
433 3298 491 3370 Ita
519 3309 600 3378 est;
632 3319 717 3367 nam
749 3295 842 3367 ratio
870 3294 1061 3390 inaequalis
1089 3294 1137 3367 ad
1167 3296 1348 3392 inaequale

304 3410 549 3505 quantitatem
567 3407 689 3480 habet.
741 3408 815 3480 Sed
837 3408 930 3481 ratio
957 3407 1108 3502 aequalis
1130 3408 1178 3481 ad
1205 3412 1347 3507 aequale

304 3523 548 3619 quantitatem
565 3544 641 3593 non
657 3520 780 3593 habet.

353 3638 402 3708 B.
431 3621 555 3711 Quare
571 3646 694 3707 autem
713 3633 919 3706 nonhabet
937 3634 1210 3730 quantitatem?

352 3749 402 3821 A.
429 3748 528 3823 Quia
544 3772 676 3843 nempe
694 3747 788 3820 ratio
806 3771 880 3819 non
899 3761 955 3818 est
973 3747 1187 3843 simpliciter
1203 3752 1346 3847 magni-

303 3862 406 3952 tudo,
425 3862 491 3934 sed
513 3885 597 3934 curn
621 3859 799 3932 relatione
823 3858 870 3931 ad
897 3860 1005 3932 aliam
1030 3862 1344 3956 magnitudinem

298 3976 406 4069 juxta
424 3999 532 4068 quam
550 3973 764 4046 relationem
783 3995 857 4042 una
871 3971 1114 4068 inaequalitas,
1134 3973 1172 4046 id
1190 3986 1258 4065 est,
1272 4000 1346 4050 una

302 4087 396 4160 ratio
414 4087 661 4183 inaequalium,
679 4085 751 4158 alia
774 4086 902 4180 major,
929 4086 1001 4158 alia
1028 4087 1148 4160 minor
1176 4111 1256 4162 esse
1284 4113 1346 4185 po·

300 4212 398 4282 test;
433 4225 508 4272 una
537 4211 660 4273 autem
688 4198 877 4294 aequalitas
906 4223 982 4272 non
1011 4211 1146 4297 potest.
1208 4204 1261 4275 At
1291 4226 1344 4288 ea,

303 4339 458 4411 quorum
493 4314 563 4386 alia
597 4315 747 4408 majora,
782 4312 855 4385 alia
889 4314 1031 4387 minora
1064 4338 1143 4388 esse
1178 4326 1344 4411 possunt.
