2946 5010
186 1168 402 1237 CLARISSIMO
424 1186 512 1237 VIRO
534 1185 678 1239 DOMINO
700 1187 890 1249 vuuuusm,
912 1188 1035 1239 NOBILI
1057 1187 1258 1251 domnulo,

638 1335 808 1432 xalptiv.

151 1589 383 1663 Csurssrrun
402 1590 607 1680 Vnunusr,
624 1591 732 1665 mitto
757 1590 806 1665 od
829 1603 865 1665 te
883 1590 1047 1665 libellum
1069 1613 1197 1664 recens
1221 1588 1295 1663 edi·

150 1736 245 1812 tum,
262 1722 330 1796 tibi
346 1722 406 1812 do,
423 1734 462 1797 et
479 1722 622 1798 dedico.
674 1724 808 1815 Primo,
827 1724 915 1822 quia
930 1724 1154 1821 placiturum
1172 1722 1296 1797 oredo.

152 1861 178 1895 “
196 1854 339 1929 Mihine
371 1855 493 1944 tuus”,
528 1855 695 1953 inquies;
732 1861 755 1896 “
773 1857 933 1931 hominis
958 1856 1120 1930 baeretioi
1133 1855 1170 1928 ?''
1237 1855 1296 1929 Ne

152 1991 391 2066 tumultuare.
443 1985 546 2065 Nihil
570 1990 632 2065 hic
657 1991 832 2079 invenies,
859 1990 959 2088 quod
984 2015 1060 2065 non
1077 1991 1194 2086 possis
1219 1991 1298 2064 sine

153 2125 328 2200 scandolo
346 2125 509 2200 ecolesiae
533 2136 609 2200 tuae
626 2125 842 2223 approbare.
894 2124 1114 2213 Geometria,
1133 2125 1164 2199 si
1180 2125 1298 2199 haere-

154 2260 231 2334 tion
247 2271 316 2351 est,
334 2271 439 2334 tanto
456 2261 552 2334 forte
572 2259 799 2356 probabilior
822 2272 889 2333 est.
907 2314 910 2321 ,
942 2259 986 2332 Iu
1004 2258 1183 2333 doctrinis
1200 2259 1298 2333 enim

154 2416 247 2490 pore
269 2391 452 2481 humanis,
468 2393 562 2466 nihil
588 2403 666 2468 tom
684 2393 916 2468 Catholioum
944 2404 1002 2466 est
1026 2416 1137 2489 quum
1163 2415 1298 2468 errore.

156 2525 417 2600 condonemus
427 2549 515 2622 ergo
526 2538 668 2616 mutuo,
680 2539 722 2601 ot
734 2527 933 2601 Homerioe
946 2526 1088 2623 loquor,
1099 2523 1299 2626 σοῖμὲνὲγω,

156 2663 197 2733 σὺ
214 2661 246 2733 δὲ
262 2659 329 2754 μοὶ,
347 2685 396 2735 eu·
409 2683 490 2758 quae
507 2660 649 2735 diverse
667 2661 861 2736 didicimus
879 2663 917 2735 in
932 2661 1065 2735 Sacris.
1117 2660 1299 2752 Secundo,

158 2795 245 2892 quio
268 2795 456 2893 ingenium
486 2806 591 2868 tuum
613 2796 701 2868 novi
722 2794 890 2886 liberum,
908 2795 1120 2886 candidum,
1137 2808 1299 2870 sontum.

157 2931 361 3019 Postremo,
380 2928 466 3027 quia
483 2929 683 3003 amicitiam
707 2941 875 3004 nostram
898 2929 1022 3027 aliquo
1048 2928 1160 3004 modo
1178 2929 1301 3026 signa·

157 3074 237 3136 tam
262 3085 342 3135 esse
365 3061 491 3146 rolui3
517 3086 587 3136 neo
612 3064 686 3137 ulio
711 3063 828 3160 potui.
882 3063 993 3138 Quod
1018 3074 1095 3136 tam
1120 3061 1247 3158 paneis
1263 3071 1302 3136 te

157 3197 337 3294 alloquar,
362 3194 393 3271 si
417 3196 457 3270 id
483 3221 629 3295 quoque
654 3197 827 3272 amicitiae
853 3197 1037 3286 tribueris,
1062 3196 1175 3270 socies
1202 3194 1302 3292 quod

159 3357 308 3430 aequum
325 3343 394 3407 est.
446 3332 547 3405 Vale.

421 3514 619 3591 Servorum
638 3525 786 3588 tuorum
804 3511 1153 3610 obsequentissimus

200 3709 263 3768 Μ.
284 3712 369 3769 1660.
859 3686 1035 3759 Tnouss
1064 3684 1253 3758 Honnns.
