2946 5010
296 410 370 481 3³⁰
569 424 1061 483 nsonnnnsrsrnrsrcs.

117 618 187 661 om.
201 619 244 662 rs.
295 592 516 689 acceperint,
534 606 694 690 quantus
710 595 759 669 ad
781 595 1087 671 commovendum
1103 596 1252 671 videndi
1275 622 1331 673 or·

110 686 256 797 {J
294 728 434 803 ganum
449 707 673 805 postulatur.

119 808 209 859 “¹⁸⁰²
344 814 391 893 A.
419 818 493 894 Sed
518 844 675 917 corpora
702 830 790 895 sunt
813 821 1000 919 permulta
1024 845 1181 919 quorum
1210 836 1333 921 partes

294 932 484 1007 calefacta
499 933 607 1008 facile
623 933 784 1023 avolant,
801 958 884 1031 quae
910 944 1035 1009 minen
1058 935 1334 1011 inflammantur

294 1058 335 1121 et
349 1046 500 1121 lucent:
526 1056 569 1121 ut
581 1047 703 1121 oleum
719 1060 758 1121 et
774 1048 911 1122 vinum.

342 1158 395 1235 B.
422 1159 534 1235 Quod
549 1158 597 1234 ad
610 1160 733 1234 oleum
748 1160 894 1249 attinet,
910 1183 986 1234 non
1002 1160 1251 1236 inflammatur
1265 1187 1333 1260 per

294 1294 336 1347 se
350 1273 471 1348 solnm
482 1274 561 1347 sine
573 1272 647 1347 alia
658 1274 813 1347 materia
823 1274 1082 1363 combustibili,
1100 1277 1333 1372 quantumvis

294 1385 524 1461 mlefactum.
574 1386 665 1461 Nou
681 1400 769 1461 snut
784 1411 873 1483 ergo
896 1400 1021 1485 partes
1037 1388 1120 1478 olei,
1138 1388 1203 1463 sed
1221 1403 1333 1464 mate·

293 1498 360 1573 rioe
377 1499 459 1573 oleo
475 1511 598 1575 unctae
613 1523 696 1597 quae
708 1500 895 1575 evolantes
910 1500 1048 1574 lucent.
1098 1502 1193 1576 Sunt
1209 1514 1332 1576 autem

293 1610 334 1687 in
348 1610 436 1688 vino
450 1612 653 1711 particulae,
671 1636 756 1709 quae
769 1612 908 1687 habent
923 1624 1066 1688 motum
1092 1613 1196 1688 illum
1224 1639 1332 1711 quem

293 1724 335 1801 in
355 1736 457 1801 terra
482 1726 658 1825 supposui
677 1726 767 1801 satis
788 1726 976 1812 velocem
1001 1750 1085 1824 qnae
1114 1751 1137 1801 a
1159 1740 1333 1802 contactu

292 1838 452 1915 flammae
467 1852 629 1914 externa
643 1838 751 1913 facile
766 1838 904 1914 lucent.

342 1953 392 2027 A.
420 1952 529 2029 Unde
546 1952 632 2027 sciri
647 1964 772 2050 potest
788 1952 900 2027 talem
917 1964 1060 2027 motum
1076 1952 1194 2027 inesse
1216 1954 1333 2050 parti-

293 2064 387 2141 culis
401 2066 505 2141 vim?

344 2178 395 2253 B.
421 2180 668 2277 Nunquamne
684 2188 830 2253 tantum
845 2178 971 2253 bibisti
991 2177 1079 2269 vini,
1096 2191 1139 2254 nt
1159 2179 1331 2268 luceruae,

292 2314 443 2381 mensae,
456 2292 640 2381 fenestra,
652 2290 777 2366 omnia
784 2292 1007 2366 commoveri
1017 2291 1087 2366 tibi
1100 2293 1331 2379 viderentur?

344 2404 393 2480 A.
419 2404 642 2502 Aliquando,
658 2428 735 2479 non
751 2428 860 2502 saepe.
912 2405 1068 2479 Memini
1084 2416 1208 2481 autem
1226 2407 1279 2480 ire
1293 2417 1332 2482 et

293 2518 414 2593 redire
424 2519 548 2593 omnia
557 2531 663 2593 motu
672 2518 924 2614 reciprocante
934 2519 1079 2614 qualem
1094 2520 1329 2618 descripsisti.

294 2631 395 2706 Quid
411 2632 518 2704 tum?

342 2742 392 2816 B.
419 2743 522 2817 Nihil
540 2742 650 2833 aliud,
668 2757 914 2840 praeterquam
933 2743 1032 2840 quod
1048 2747 1127 2840 ejus
1149 2747 1202 2819 rei
1221 2771 1330 2820 causa

291 2867 371 2929 erat
383 2856 521 2931 vinum.
557 2857 670 2954 Cujus
687 2859 877 2953 particulae
893 2859 1077 2931 habebant
1088 2872 1209 2933 motus
1220 2860 1328 2948 illius,

291 2992 400 3066 quem
418 2972 602 3066 supposui,
615 2995 790 3066 magnum
807 2971 983 3067 gradum:
1010 2995 1119 3067 quem
1137 2973 1239 3045 auxit
1254 2973 1328 3045 for-

290 3096 388 3157 tasse
410 3085 591 3171 nonnihil,
613 3098 807 3182 postquam
827 3085 865 3157 in
891 3085 1136 3158 ventriculum
1161 3099 1329 3159 strenas

289 3209 448 3296 receptae
481 3210 598 3288 erant,
633 3199 796 3295 corporis
826 3198 977 3272 humani
1019 3200 1184 3272 internus
1218 3201 1328 3273 calor.

289 3312 412 3409 Atque
426 3337 470 3388 eo
484 3327 587 3388 motu
600 3337 785 3387 concussae
798 3337 901 3387 venae
915 3325 954 3385 et
969 3313 1135 3408 (propter
1147 3314 1329 3385 continui-

290 3437 404 3500 tatem
422 3427 601 3524 corporis)
627 3428 829 3514 cerebrum,
846 3426 1030 3499 faciebant
1052 3438 1095 3498 ut
1119 3439 1241 3498 motus
1269 3426 1329 3499 ille

292 3541 354 3635 qui
371 3553 451 3614 erat
467 3541 506 3614 in
524 3541 673 3613 cerebro
691 3551 729 3613 et
750 3540 872 3613 nervis
896 3540 1027 3636 opticis
1051 3552 1089 3612 et
1115 3539 1256 3631 reliquo
1279 3540 1330 3610 vi-

291 3653 402 3726 dendi
432 3678 584 3749 organo,
612 3653 800 3726 videretur
830 3653 897 3725 tibi
927 3675 1008 3725 esse
1039 3654 1076 3724 in
1103 3653 1265 3726 fenestra
1291 3664 1330 3725 et

290 3764 432 3838 caeteris
450 3765 615 3860 objectis.

340 3878 390 3952 Α.
418 3879 518 3954 Quid
535 3891 592 3953 est
613 3880 785 3953 flamma?
836 3879 966 3952 Putavi
992 3878 1091 3951 enim
1113 3879 1225 3967 illam,
1246 3903 1329 3975 quae

290 3992 337 4065 ab
355 3993 488 4089 exiguo
505 3994 691 4068 straminis
705 3993 793 4066 dum
811 3993 1037 4065 comburitur
1053 3993 1239 4088 manipulo
1253 3994 1329 4066 exit

290 4106 450 4196 flamma,
460 4107 599 4181 centies
616 4107 792 4203 majorem
806 4129 1008 4202 essequam
1025 4117 1105 4180 erat
1123 4105 1202 4203 ipse
1211 4106 1328 4180 mani-

289 4220 408 4317 pulus.
