2946 5010
309 338 379 409 146
522 355 792 410 nxaumarro
812 357 864 410 ur
883 357 1132 413 aununarm

117 540 269 583 ⁰¹Ab0⁰⁰⁸
305 523 432 597 tremis
448 526 738 624 oeqwtarfoeto
755 551 781 600 α
797 526 940 616 mediis,
953 536 990 599 et
1005 536 1147 600 contra.
1185 525 1259 600 Sed
1275 526 1347 599 hoo

118 622 263 726 „IL
303 634 475 712 Euclides
492 640 530 711 iu
546 639 663 729 lineis,
674 639 862 713 Wallisius
878 641 917 713 iu
934 641 1096 713 numeris
1106 640 1347 713 demonstrat.

352 749 402 823 A.
431 751 531 827 Quid
548 776 640 848 opus
658 752 763 825 erat?
816 753 914 826 Nam
930 777 1167 826 numerorum
1183 752 1348 825 rationes

303 886 432 937 omues
473 864 745 938 accommodari
786 876 940 961 possunt
979 864 1097 956 lineis,
1136 889 1349 962 quanquam

302 988 445 1067 contra,
473 1001 549 1051 non
576 1001 703 1051 omnes
730 979 892 1052 rationes
921 979 1100 1062 linearum
1135 989 1350 1075 competant

303 1092 478 1165 numeris.
530 1092 626 1167 Sunt
643 1092 742 1165 enim
759 1092 867 1167 lineae
884 1093 1011 1166 multae
1035 1091 1134 1165 iuter
1151 1116 1189 1166 se
1206 1093 1349 1165 incom-

302 1205 592 1289 mensurabilem
631 1205 775 1278 numeri
808 1216 931 1279 autem
958 1205 1350 1279 incommensurabiles

303 1339 382 1391 esse
407 1341 483 1391 non
509 1330 677 1414 possunt.
730 1318 805 1392 Sed
831 1319 1019 1393 videamus
1052 1319 1170 1415 ipsam
1198 1317 1351 1391 demon-

304 1432 533 1505 strationem.
552 1431 681 1528 Onpite
696 1431 1068 1522 tricesimosecundo,
1086 1455 1159 1528 quo
1174 1431 1351 1504 amanda-

304 1567 399 1633 mur,
416 1544 509 1618 nihil
526 1558 584 1619 est
600 1545 701 1642 quod
717 1569 761 1619 eo
779 1546 939 1642 respicit.

354 1655 402 1729 B.
430 1659 566 1734 Quaere
582 1660 622 1732 in
637 1659 766 1756 Capite
779 1660 965 1734 tricesimo
978 1661 1102 1748 tertio,
1114 1658 1214 1755 quod
1228 1669 1350 1732 totum

305 1783 363 1846 est
388 1771 434 1844 de
462 1773 637 1846 continue
664 1773 1009 1870 proportionalibus.
1061 1772 1160 1867 Lege
1182 1770 1352 1868 proposi-

306 1884 446 1959 tionem
463 1886 674 1960 vicesimam
691 1887 860 1983 primam.

357 2000 406 2073 A.
436 1998 616 2073 continue
640 1997 995 2099 proportionalium,
1023 1999 1058 2072 ai
1085 1999 1238 2072 duorum
1267 2021 1350 2095 quo

304 2113 442 2188 rumois
468 2114 724 2213 reetangulum
738 2137 817 2212 per
847 2114 1039 2187 terminum
1061 2113 1226 2211 primum
1255 2112 1352 2185 dioi-

306 2226 432 2317 datur,
454 2227 630 2326 prodibit
660 2227 859 2317 terminus,
880 2229 986 2322 cujas
1015 2226 1139 2312 index,
1165 2225 1243 2298 aioe
1276 2225 1353 2298 dia·

306 2341 431 2414 tantia
451 2364 477 2413 a
496 2340 634 2438 primo,
658 2349 827 2438 coquatur
853 2338 1003 2413 illorum
1030 2336 1215 2412 indicibus
1241 2337 1355 2412 simut

305 2452 473 2548 sumptis.
528 2452 639 2527 Quod
665 2476 794 2525 verum
816 2462 884 2525 est.
936 2451 1034 2525 Dum
1062 2463 1186 2524 autem
1216 2474 1351 2548 propo-

307 2562 479 2636 sitionem
509 2567 587 2660 ejus
614 2566 711 2639 hano
734 2565 945 2639 vicesimam
972 2564 1130 2661 primam
1159 2587 1351 2661 percurro,

307 2675 473 2770 intelligo
517 2678 605 2773 quid
639 2679 849 2775 significant
890 2678 1055 2774 symbola
1089 2678 1352 2774 propositionis

307 2791 542 2884 sexagesimae
581 2804 722 2865 octavae
759 2791 923 2888 ejusdem
954 2790 1105 2887 Capitis.
1169 2792 1265 2863 Nam
1300 2791 1348 2884 R)

306 2901 413 2974 Aur
437 2903 560 2996 (AR3
583 2905 655 2978 hoo
679 2905 900 3001 significant,
928 2903 1027 2998 quod
1053 2902 1172 2977 diviso
1195 2928 1351 2977 numero

308 3017 372 3112 qui
388 3017 431 3088 fit
449 3040 495 3090 ex
513 3019 570 3091 A*
588 3018 627 3091 in
644 3031 680 3109 4,
699 3031 737 3092 et
758 3042 804 3091 ex
820 3017 1002 3114 producto
1015 3018 1090 3090 AR
1107 3016 1352 3113 multiplicato

307 3154 374 3227 per
400 3143 620 3227 potestatem
651 3133 755 3226 cujus
783 3130 893 3229 indes
921 3142 976 3201 est
1008 3140 1044 3216 4,
1075 3129 1248 3225 quotiens
1281 3132 1354 3204 erit

242 3304 246 3311 .
308 3243 448 3317 fantum
473 3269 519 3317 ex
539 3245 613 3317 AR
639 3244 679 3317 in
709 3254 930 3344 potestatem
958 3244 1062 3337 cujus
1088 3241 1201 3315 index
1231 3254 1290 3315 est
1316 3249 1350 3315 3.

310 3358 422 3432 Quod
438 3383 512 3431 non
531 3372 700 3455 negatur.
751 3357 824 3430 Sed
841 3355 994 3430 hoccine
1013 3367 1070 3428 est
1086 3355 1353 3443 demonstrare,

308 3470 482 3545 nimirum
511 3472 664 3545 remita
690 3472 845 3544 obscure
871 3468 1074 3558 enuntiare,
1092 3481 1135 3542 ut
1160 3493 1183 3542 a
1206 3470 1353 3542 nemine

309 3584 465 3681 intelligi
483 3585 609 3681 possit,
627 3584 698 3657 nisi
716 3583 871 3680 quinon
896 3580 1004 3655 modo
1022 3582 1119 3655 illius
1138 3583 1239 3657 norit
1256 3607 1353 3680 sym-

308 3699 405 3788 bola,
440 3699 506 3771 sed
539 3700 651 3771 etiam
684 3696 859 3770 methodo
897 3695 1057 3768 naturali
1099 3694 1198 3768 idem
1232 3706 1354 3792 potest

309 3810 586 3884 demonstrare?

359 3925 408 3996 B.
435 3924 515 3998 Etsi
538 3923 824 4020 propositionem
846 3946 970 3995 veram
1001 3945 1079 3995 esse
1106 3946 1152 3995 ex
1178 3933 1245 3995 tua
1271 3945 1355 4017 per-

310 4037 412 4132 spexi
423 4037 745 4126 demonstratione,
758 4034 881 4108 neseio
895 4048 1019 4108 tamen
1030 4059 1078 4108 an
1089 4034 1186 4108 illius
1201 4035 1354 4108 demon-

611 4275 628 4308 *
645 4274 693 4331 Sic
707 4274 785 4330 Edit.
806 4275 881 4330 1660
895 4285 925 4331 ot
943 4276 1027 4331 1688.
