2946 5010
310 376 380 445 mo
519 389 788 444 uxsmusmo
808 390 858 443 us
877 389 1125 444 nmnunnmo

117 582 266 624 numum
304 560 428 658 potius
458 558 701 657 quantitatem
734 557 842 631 lineoe
869 557 972 649 dicis,
989 583 1098 656 quam
1126 557 1344 656 simpliciter

122 664 264 768 ᾧ
305 674 450 748 lineam.

354 784 402 859 A.
429 785 526 861 Quia
543 796 714 859 accurate
727 785 930 881 loquenten,
941 785 1074 860 lineam
1087 785 1250 859 dicemus
1261 808 1342 859 esse

306 898 468 998 lmtgom,
500 898 622 995 potius
656 922 766 994 quam
799 897 1076 996 longitudinem.
1144 900 1213 972 Est
1243 898 1342 972 enim

305 1012 404 1085 linea
418 1010 457 1083 id
475 1034 547 1108 quo
564 1010 811 1107 longitudines
828 1034 1093 1101 mensuramus,
1104 1034 1250 1108 nempe,
1262 1036 1343 1086 cor·

306 1149 375 1221 pus
401 1124 561 1222 aliquod,
585 1135 627 1198 ut
659 1124 768 1214 funis,
797 1125 913 1221 virga,
942 1125 1146 1215 brachium,
1174 1149 1252 1221 pes,
1283 1125 1343 1199 vel

306 1237 445 1334 aliquid
473 1237 611 1321 simile;
637 1249 675 1311 et
699 1237 785 1333 quia
807 1237 894 1310 dum
928 1261 972 1311 eo
1002 1238 1140 1311 utimur
1163 1238 1204 1311 in
1232 1239 1344 1312 rebus

307 1351 571 1440 mensurandis,
581 1375 693 1423 unam
705 1351 783 1445 ejus
797 1349 1213 1448 dimensionem,nempe
1224 1351 1343 1448 longi·

307 1463 485 1554 tudinem,
496 1464 610 1536 solam
628 1462 913 1554 consideramus,
924 1465 973 1538 ob
989 1488 1070 1538 eam
1087 1489 1165 1538 rem
1182 1465 1343 1539 obtinuit

307 1577 441 1650 habere
459 1588 497 1648 et
514 1575 586 1649 diei
599 1575 877 1672 longitudinem.

355 1687 401 1761 Β.
428 1689 576 1762 Fuimus
593 1713 681 1763 sane
697 1713 766 1784 ego
781 1699 817 1761 et
828 1688 1015 1763 Wallisius
1032 1690 1214 1764 tardiores
1232 1715 1343 1788 quam

305 1811 348 1874 ut
364 1801 443 1875 haec
460 1801 514 1875 ita
526 1825 617 1890 esse,
635 1801 706 1874 nisi
720 1802 767 1874 ab
784 1801 864 1874 aliis
877 1801 1021 1884 moniti,
1036 1803 1341 1899 intelligeremus;

307 1928 481 1988 caeterum
499 1938 568 2011 ego
596 1914 783 2011 aliquanto
810 1915 927 2010 magis
955 1914 1035 1987 cavi
1063 1938 1172 2012 quam
1202 1917 1278 2006 ille,
1296 1941 1342 1992 ne

307 2026 472 2101 deridere
489 2026 689 2100 vidererea
705 2051 787 2122 quae
814 2050 889 2099 uon
916 2026 1004 2100 satis
1029 2027 1287 2124 intelligerem,
1303 2041 1343 2102 et

306 2152 437 2236 postea
446 2163 534 2211 vera
546 2163 624 2211 esse
643 2148 872 2235 apparerent.
924 2139 1010 2211 Non
1027 2161 1116 2235 ergo
1143 2142 1342 2237 comprobo

306 2277 351 2325 ea
363 2277 445 2349 quae
456 2252 656 2349 subjungit,
666 2252 850 2340 nimirum,
864 2274 1027 2349 quaerere
1041 2276 1151 2347 quam
1160 2253 1342 2328 rationem

304 2366 440 2438 habeat
463 2366 649 2461 quantitas
676 2366 782 2439 lineae
810 2364 858 2438 ad
882 2366 1124 2463 quantitatem
1153 2366 1341 2464 temporis,

301 2503 371 2550 non
389 2477 506 2550 minos
523 2476 723 2551 obeundum
739 2502 830 2567 esee,
848 2503 952 2574 qnam
978 2478 1014 2550 ei
1044 2489 1234 2574 qnaeratnr
1257 2490 1343 2579 quot

303 2591 445 2664 colores
463 2592 686 2665 constituunt
707 2616 844 2679 sonam,
856 2602 895 2665 et
917 2601 1006 2689 qnot
1018 2593 1099 2664 soni
1117 2593 1343 2667 constituunt

302 2704 538 2803 gravitatem.

354 2815 400 2888 A.
429 2816 502 2890 Sed
519 2818 579 2890 ille
608 2841 646 2890 se
665 2842 686 2891 a
704 2817 914 2890 scommatis
942 2816 1126 2890 abstinere
1153 2816 1239 2889 ideo
1267 2841 1342 2891 nou

304 2930 438 3026 potuit,
457 2929 542 3025 quia
559 2953 604 3002 ex
629 2954 755 3003 eorum
779 2953 931 3002 numero
950 2941 1016 3019 est,
1032 2928 1095 3024 qui
1121 2928 1167 3002 de
1196 2929 1241 3002 iis
1259 2953 1343 3027 quae

305 3043 418 3115 semel
435 3043 671 3138 conceperint
689 3043 857 3116 dubitare
874 3067 950 3115 non
967 3053 1130 3139 possunt.

353 3155 399 3229 B.
428 3156 530 3230 Quos
548 3155 663 3228 dicis?

355 3268 403 3341 A.
430 3269 503 3341 Eos
520 3269 602 3342 dico
614 3269 677 3365 qui
694 3269 732 3341 in
747 3269 894 3343 civitate
908 3270 1094 3366 degentes,
1110 3269 1343 3367 civitatisque

304 3381 580 3454 commodorum
597 3381 803 3478 participes,
816 3396 854 3455 et
867 3407 889 3455 a
902 3383 998 3455 civili
1013 3394 1196 3478 potestate
1211 3383 1342 3479 accipi·

303 3509 407 3568 entes
425 3495 523 3590 quod
537 3495 676 3583 vivunt,
688 3518 829 3569 summo
840 3508 964 3567 tamen
975 3495 1170 3590 imperanti
1183 3496 1343 3569 civitatis

303 3608 494 3703 imperare,
511 3608 640 3681 saltem
657 3633 732 3681 non
746 3609 907 3697 obedire,
924 3609 1124 3704 postulant.

352 3721 401 3793 B.
429 3721 538 3793 Mitte
556 3721 637 3794 ista.
689 3722 802 3817 Perge
820 3722 951 3817 legere.

352 3833 400 3906 Α.
429 3835 487 3906 lta
503 3835 645 3907 faciam.
689 3834 801 3908 Vides
829 3835 975 3907 interim
993 3834 1219 3930 quantitates
1248 3846 1341 3908 tem-

302 3947 401 4040 poris
419 3958 456 4018 et
474 3947 578 4021 lineae
592 3971 671 4019 esse
688 3948 957 4043 homogeneas3
986 3947 1224 4041 homogeneae
1244 3947 1341 4020 enim

303 4061 527 4154 quantitates
539 4072 636 4148 suut,
648 4071 692 4131 ut
705 4060 742 4132 in
761 4061 1006 4155 superioribus
1020 4060 1212 4155 colloquiis
1230 4084 1340 4157 agno·

302 4172 397 4258 visti,
416 4196 570 4267 quarum
589 4196 769 4245 mensurae
796 4185 971 4265 ἐφαρμόζυσι.
1032 4171 1224 4246 Accedens
1256 4173 1340 4246 inde

302 4283 350 4356 ad
377 4284 647 4359 distinctionem
684 4286 836 4359 rationis
871 4286 1114 4359 arithmeticae
1145 4310 1167 4358 a
1197 4287 1340 4360 ratione
