2946 5010
392 501 704 554 mnrnunnmcm
724 503 966 555 noorunnm.
1123 493 1189 558 165

156 664 297 737 nullum
325 667 568 741 rectilineum.
621 669 730 743 Quod
760 681 883 741 autem
913 662 1074 766 angulus
1103 694 1189 743 con·
1226 702 1375 747 oncoous

156 789 275 851 tactus
292 780 447 875 angulus
462 782 521 871 sit,
536 793 574 854 et
592 793 759 878 quamue,
770 805 897 854 verum
911 782 1189 879 heterogeucuS,
1229 785 1371 890 „L

154 903 238 986 post
256 892 578 968 demonstrabitur.
630 895 768 967 Rursus
789 894 947 983 Clarius,
965 904 1005 967 ut
1030 896 1190 993 angulus

146 1003 286 1099 planca
312 1007 510 1101 efficiatur,
539 1008 686 1102 sufficit,
717 1008 848 1104 inquit,
878 1007 972 1081 darm
1001 1008 1121 1082 linear
1151 1011 1190 1083 in

147 1116 268 1214 plano
286 1119 341 1192 orl
361 1120 514 1194 inuicem
534 1121 719 1209 inclinari,
743 1146 813 1193 nort
836 1130 956 1195 aulem
981 1122 1127 1220 requiri
1149 1131 1191 1195 ut

153 1254 194 1302 ee
211 1242 330 1305 mutuo
346 1244 480 1307 secent.
515 1234 627 1309 Quod
636 1234 821 1307 Wallisius
837 1258 912 1308 nou
929 1246 1063 1330 negat;
1085 1235 1189 1308 incli-

154 1345 234 1416 nari
268 1361 389 1442 negat.
448 1347 548 1422 Quid
576 1360 701 1421 autem
730 1359 786 1420 est
813 1348 1012 1438 inclinatio,
1043 1348 1075 1421 si
1105 1347 1188 1423 duae

152 1458 257 1532 lineae
275 1472 363 1534 tunc
386 1486 461 1534 uon
486 1463 708 1535 inclinantur
726 1460 773 1533 ad
796 1485 835 1533 se
860 1462 1027 1551 invicem,
1055 1485 1139 1534 cum
1165 1486 1188 1536 a

153 1571 304 1647 diversis
331 1575 541 1671 regionibus
567 1590 732 1671 utraeque
758 1585 983 1648 concurrunt
1013 1573 1059 1647 ad
1089 1575 1187 1650 idem

152 1687 356 1782 punctum?
418 1690 469 1761 At
497 1688 700 1778 inclinatio,
735 1689 773 1760 in
804 1687 1015 1761 definitione
1049 1691 1185 1784 anguli,

151 1823 225 1872 nou
269 1800 434 1885 sumitur,
477 1814 518 1873 ut
560 1802 598 1873 in
640 1801 831 1873 Elameuto
870 1799 1076 1889 undecimo,
1119 1825 1186 1897 pro

151 1914 285 2008 angulo
320 1914 509 1986 rectilineo
544 1926 677 1996 acuto;
713 1914 765 1986 ita
795 1925 837 1985 ut
869 1913 1025 2009 angulus
1052 1926 1187 2009 praeter

150 2040 297 2099 acutum
316 2027 436 2099 nullus
454 2028 512 2099 sit.

199 2137 246 2211 B.
274 2140 374 2214 Quin
391 2163 498 2212 arcus
512 2151 549 2212 et
566 2151 722 2234 tangens
739 2137 787 2210 ad
804 2162 842 2211 se
867 2138 1101 2229 inclinentur,
1120 2140 1187 2213 du·

150 2252 259 2326 bitari
286 2277 360 2326 nou
388 2254 506 2326 debet.
559 2253 645 2324 Non
673 2275 760 2347 ergo
791 2251 898 2325 solvit
926 2265 1185 2347 argumentum

151 2366 280 2441 Clarii.

200 2479 250 2551 A.
277 2480 391 2575 Atqui
411 2479 491 2553 haec
519 2489 603 2551 sunt
630 2478 814 2574 praecipue
842 2499 925 2572 quae
953 2475 1185 2572 disputantur

150 2593 280 2689 Capite
298 2604 427 2677 acuto;
454 2592 516 2664 ubi
534 2605 665 2664 neuter
682 2591 729 2664 ob
747 2589 1014 2686 ignorationem
1043 2604 1186 2666 naturae

149 2706 367 2802 angulorum
396 2706 587 2778 veritatem
612 2714 824 2777 constanter
853 2712 965 2791 tenet,
984 2701 1049 2774 sed
1076 2705 1186 2780 modo

149 2820 220 2906 hic,
239 2819 347 2891 modo
367 2819 428 2891 ille
445 2818 575 2891 incidit
593 2819 630 2889 in
644 2816 812 2890 absurda.

199 2932 331 3027 Capite
348 2932 397 3004 vii
414 2933 570 3027 probare
584 2942 738 3003 conatur
750 2927 934 3000 Wallisius
952 2931 1077 3023 auguli
1098 2934 1185 3005 tim-

142 3044 300 3141 pliciter
342 3058 379 3117 et
425 3046 550 3141 anguli
595 3055 786 3118 contuetur
825 3043 1185 3135 ‹apostatam—Primo

148 3159 280 3254 inquit,
298 3182 380 3254 quce
397 3168 516 3229 mutuo
527 3168 686 3254 poscunt
703 3159 761 3230 uel
777 3158 869 3231 addi
890 3159 950 3232 uel
964 3186 1012 3233 ou
1033 3159 1122 3242 erre‘,
1139 3183 1186 3231 ea

148 3296 218 3343 non
242 3280 326 3344 eunt
346 3270 997 3368 lteterogenea.-Conceditur.-At
1023 3270 1185 3368 ungulae

149 3394 352 3471 contactus,
365 3382 548 3481 siquidem
570 3382 620 3454 ait
651 3383 823 3481 ungulus,
841 3394 878 3455 et
908 3394 1010 3456 recto
1040 3408 1088 3455 uu
1107 3383 1185 3455 erri

141 3507 280 3593 polest,
298 3506 338 3567 ut
355 3505 502 3569 marceat
518 3494 678 3593 ungulus
707 3495 928 3568 semicirculi
955 3496 1133 3583 internus,
1147 3503 1186 3567 el

147 3621 248 3682 recto
277 3609 435 3707 ucly‘rrngi
456 3618 597 3705 polest,
611 3618 650 3679 ut
667 3609 748 3702 fiat
771 3608 931 3706 ungulae
960 3605 1186 3680 semicirculi

147 3721 619 3816 externus.—Percepistin’
638 3721 746 3816 hujus
760 3722 967 3817 argumenti
985 3720 1082 3793 vim?

195 3835 241 3907 B.
270 3837 339 3909 lta.
393 3836 444 3925 Si,
463 3834 591 3930 inquit,
610 3833 839 3928 superficiem
856 3835 967 3921 illam,
979 3857 1060 3928 quae
1078 3857 1116 3906 se
1130 3833 1183 3905 in-

144 3950 239 4045 gerit
256 3951 353 4022 inter
367 3958 580 4043 tangentem
599 3961 636 4020 et
653 3971 790 4034 arcum,
808 3947 962 4034 auferere,
981 3945 1183 4018 remanebit

144 4063 299 4157 angulus
325 4086 433 4158 quem
463 4062 625 4133 efficiunt
649 4060 825 4132 diameter
845 4069 882 4131 et
899 4082 1018 4130 arcuo.
1071 4058 1181 4132 Quod

143 4200 210 4271 per
223 4201 261 4247 se
279 4175 514 4247 manifestum
533 4186 600 4261 est,
615 4173 699 4268 quia
716 4173 879 4244 aufertur
896 4195 981 4267 pars
999 4196 1021 4243 a
1038 4185 1130 4245 toto.

196 4288 244 4360 A.
271 4289 369 4382 Ergo
397 4310 462 4382 per
491 4285 696 4357 Wallisium
726 4298 879 4380 uterque
910 4285 1076 4380 angulus,
1105 4300 1181 4359 tam

142 4402 362 4475 semicirculi
380 4425 489 4496 quam
507 4409 711 4488 contactuS,
730 4410 787 4471 est
800 4398 1019 4494 superficieS.
