2946 5010
142 998 210 1039 CAP.
220 998 264 1039 111.

129 1067 272 1102 »vu

131 1129 166 1175 De
176 1131 275 1176 termino.

317 411 388 478 394
456 423 510 476 nn
530 423 761 478 rnrnormrs
781 424 833 483 nr
852 425 1213 479 nariocrunmoun

739 695 844 770 cAP.
863 695 931 769 III.

686 868 742 919 Dll
775 867 981 919 TERMINO.

312 968 631 1059 Dnmnmurun,
670 973 781 1045 tertio
821 972 916 1058 loeo,
951 971 1058 1045 lineae
1097 972 1245 1044 termini
1284 973 1362 1046 hoe

312 1083 446 1158 modo:
475 1083 580 1157 linere
603 1084 752 1157 termini
771 1095 857 1158 sunl
877 1094 1033 1182 puncto.
1087 1084 1209 1159 Quam
1227 1085 1361 1158 defini-

311 1197 451 1271 tionem
482 1220 556 1270 non
587 1199 838 1294 reprehendo;
866 1198 931 1271 sed
960 1197 1026 1269 ut*
1044 1199 1089 1271 ab
1115 1222 1170 1286 ea,
1200 1198 1238 1270 id
1257 1200 1361 1294 qnod

312 1320 398 1384 aute
416 1310 504 1399 dixi,
524 1311 697 1384 nimirum
714 1323 893 1407 punctum
917 1334 992 1383 non
1018 1334 1097 1383 esse
1121 1310 1360 1400 indivisibile,

312 1421 378 1497 sed
395 1433 538 1496 tautum
553 1424 591 1495 iu
610 1422 921 1497 demonstratione
938 1447 1011 1496 non
1030 1435 1073 1495 ut
1091 1423 1247 1496 divisum
1266 1450 1359 1498 con-

311 1536 476 1624 siderari,
494 1536 580 1609 inde
599 1537 803 1610 ostendam.
856 1537 895 1609 Si
913 1536 1011 1608 euim
1029 1537 1127 1609 linea
1150 1549 1296 1609 secetur
1317 1539 1359 1611 iu

309 1662 449 1748 puncto
466 1649 646 1739 bifariam,
665 1674 747 1722 enm
767 1661 923 1746 utraque
949 1649 1083 1722 habeat
1112 1649 1203 1722 dnos
1228 1653 1359 1724 termi-

309 1787 391 1854 nos,
419 1763 539 1859 sitque
563 1775 745 1859 puuctum
769 1762 861 1834 illud
887 1762 925 1834 iu
955 1786 1028 1857 quo
1056 1761 1233 1835 dividitur
1258 1764 1360 1838 linea

310 1876 460 1950 omuino
477 1875 590 1949 nihil:
618 1875 700 1948 duae
718 1887 841 1971 partes
859 1899 882 1947 a
899 1874 1077 1947 divisione
1094 1876 1202 1949 factae
1220 1900 1259 1949 se
1277 1901 1358 1951 mu·

309 2002 376 2064 tuo
390 2001 534 2063 tautum
549 2000 755 2084 tangerent,
771 2011 840 2060 nee
854 1987 1033 2060 haberent
1046 1988 1161 2059 ullum
1176 2001 1357 2084 punctum

311 2125 518 2177 commune.
569 2101 617 2173 Et
635 2099 789 2197 proinde
815 2099 994 2172 terminus
1022 2112 1208 2173 extremus
1238 2103 1357 2198 magis

311 2216 463 2290 distabit
481 2239 503 2287 a
519 2214 677 2287 termino
689 2213 840 2286 alterius
858 2213 965 2286 lineae
977 2212 1024 2286 ad
1037 2214 1160 2310 quod*
1172 2226 1228 2286 est
1241 2239 1356 2310 punc·

311 2342 392 2403 tum
410 2327 588 2417 dividens,
607 2352 718 2425 quam
735 2351 757 2400 a
775 2328 831 2399 sui
849 2327 962 2422 ipsius
980 2329 1137 2400 termino
1156 2328 1287 2418 altero,
1307 2330 1357 2402 ad

309 2465 420 2539 quem
436 2441 566 2513 itidem
588 2441 738 2536 ponitur
764 2439 862 2513 idem
888 2453 1067 2536 puuctum
1090 2441 1279 2513 dividens:
1316 2442 1357 2513 id

311 2569 380 2643 est,
399 2557 516 2649 major
533 2565 588 2625 est
605 2578 679 2624 una
696 2554 855 2647 partium
875 2577 983 2647 quam
1001 2554 1128 2640 altera,
1144 2567 1181 2626 et
1199 2555 1355 2648 proinde

310 2669 407 2740 linea
430 2669 492 2739 illa
512 2667 628 2738 divisa
646 2690 720 2737 non
738 2679 795 2737 est
813 2667 993 2752 bifariam,
1008 2678 1050 2738 ut
1068 2668 1354 2762 supponebatur.

310 2781 477 2874 Exempli
495 2779 638 2874 gratia:
666 2779 762 2849 linea
780 2779 845 2849 AB
865 2792 964 2849 secta
978 2780 1146 2850 bifariam
1164 2782 1200 2851 in
1218 2781 1260 2867 C,
1273 2805 1354 2874 par·

310 2904 366 2966 tes
384 2893 461 2987 ejus
475 2917 513 2963 se
532 2904 691 2986 tangunt
710 2905 853 2962 tautum
869 2892 916 2963 ad
931 2892 971 2978 C,
987 2905 1024 2963 et
1040 2917 1165 2964 earum
1179 2896 1355 2989 cujusque

309 3008 457 3080 termini
476 3008 575 3099 (eum
593 3007 666 3077 sint
681 3005 762 3078 duae
781 3006 902 3097 lineae)
918 3017 1003 3076 sunt

311 3145 438 3194 omnes
453 3135 628 3216 quatuor:
648 3145 761 3215 quare
779 3120 824 3191 ad
846 3120 875 3191 C
894 3130 1002 3190 erunt
1073 3125 1334 3214 ,-⁰f⁸—B

311 3233 384 3306 duo
399 3235 556 3321 termini,
570 3234 632 3329 qui
647 3235 719 3304 sint
737 3234 769 3305 D
785 3245 822 3305 et
835 3234 877 3316 E,
890 3244 926 3303 et
938 3256 1003 3327 per

311 3372 537 3443 consequens
558 3348 622 3418 BD
641 3348 758 3442 major
776 3359 831 3417 est
850 3370 958 3440 quam
978 3345 1056 3415 AC.
1085 3345 1169 3415 Non
1190 3356 1244 3415 est
1265 3368 1356 3439 ergo

311 3460 376 3530 AB
395 3460 510 3531 divisa
528 3460 696 3531 bifariam
715 3459 752 3529 in
772 3459 811 3544 C,
834 3459 904 3529 nisi
922 3459 967 3542 D,
977 3458 1055 3545 C,Il
1074 3458 1357 3531 considerentur

310 3586 353 3644 ut
371 3574 467 3644 idem
482 3584 669 3667 punctum.

735 3872 840 3943 CAP.
865 3871 928 3942 IV.

640 4032 693 4081 DE
723 4032 851 4080 LINEA
881 4030 1025 4080 RECTA.

310 4138 536 4208 Durrurrro
569 4146 700 4229 quarta
734 4146 789 4205 est
823 4132 931 4204 linere
961 4142 1083 4220 recto,
1115 4132 1219 4203 talis:
1252 4131 1354 4205 lineo

308 4259 414 4320 reolo
439 4258 495 4320 est
512 4273 593 4343 quae
620 4272 666 4317 eo·
687 4271 788 4341 oequo
807 4271 877 4316 «ruo
901 4247 1099 4339 interjacet
1119 4254 1282 4340 porreto:
1315 4246 1355 4318 id

686 4434 701 4467 *¹
726 4432 775 4492 Sic
789 4433 867 4492 Edit.
887 4436 972 4491 1668.
