2946 5010
367 423 945 477 uarnnuarrcrauonrnnurn.
1121 411 1170 487 67

122 614 330 665 communes
355 585 553 665 notiones?
614 593 711 666 Nam
739 593 850 666 etiam
878 617 1080 666 communes
1107 617 1170 667 no-
1206 623 1357 665 mimum

123 706 246 779 tiones
283 705 468 779 axiomata
500 704 683 779 dicuntur.
761 706 924 781 Aciomo
958 719 1081 780 antem
1115 716 1172 783 est
1210 705 1354 808 „L

125 818 271 908 latine,
283 817 525 916 postulatum.

177 933 228 1005 A.
256 933 352 1005 Sunt
384 955 513 1004 revera
543 943 698 1028 utraque
721 931 931 1030 postulata.
989 933 1173 1006 Differunt

127 1057 255 1117 autem
269 1045 307 1118 in
320 1069 377 1134 eo,
389 1045 488 1142 quod
501 1045 539 1118 in
552 1045 678 1118 alteris
687 1045 894 1141 postulatur
904 1045 1172 1143 possesacere,

127 1156 168 1229 in
186 1156 311 1231 alteris
326 1158 536 1254 postulatur
554 1159 706 1232 concedi
726 1183 846 1231 oerum
863 1183 946 1232 esee
963 1160 1112 1257 aliquid,
1130 1173 1173 1234 ut

124 1270 290 1361 evidens,
302 1271 381 1344 sine
398 1270 722 1345 demonstratione.
750 1272 823 1345 Sed
839 1295 1046 1368 pergamus.
1074 1272 1173 1345 Defi-

127 1382 289 1456 nitiones
330 1385 482 1458 secundi
523 1396 563 1458 et
604 1384 706 1459 tertii
738 1385 933 1475 Elementi‚
968 1409 1051 1480 quae
1086 1399 1174 1459 sunt

125 1497 320 1571 nominum
337 1510 483 1572 tantum
505 1499 770 1595 impositiones,
788 1511 970 1573 accuratae
987 1510 1085 1589 sunt,
1103 1501 1174 1573 nisi

123 1609 231 1706 quod
247 1609 413 1685 definitio
437 1625 570 1709 quarta
592 1613 775 1686 Elementi
801 1613 902 1686 tertii
922 1636 998 1685 non
1018 1612 1066 1686 sit
1084 1612 1174 1686 defi-

125 1723 234 1811 nitio,
252 1722 317 1797 sed
334 1724 496 1815 naiman,
513 1725 590 1799 sive
607 1726 811 1822 suppositio
836 1750 909 1822 qua
933 1739 1064 1799 notum
1087 1750 1173 1822 sup-

126 1837 293 1932 ponitur,
326 1838 501 1911 nimirum
535 1863 558 1912 a
590 1849 729 1934 puncto
764 1837 811 1910 ad
854 1838 988 1911 lineam
1032 1851 1173 1912 rectam

127 1948 380 2023 brevissimam
398 1973 476 2025 esse
495 1951 847 2048 perpendicularem.
912 1951 1090 2025 Similiter
1113 1952 1173 2024 de·

126 2061 315 2137 finitiones
335 2064 519 2138 Elementi
537 2064 670 2160 quarti,
688 2073 774 2136 sunt
789 2063 979 2135 nominum
996 2063 1044 2136 ad
1059 2064 1174 2160 placi-

127 2185 210 2248 tum
228 2175 492 2272 impositiones
511 2177 667 2272 ideoque
684 2175 905 2271 reprehendi
917 2199 992 2248 non
1007 2189 1173 2272 possunt.

128 2285 191 2360 Ad
207 2288 439 2363 Elementum
460 2290 632 2386 quintum
655 2288 820 2362 definitio
842 2288 963 2384 prima
984 2299 1052 2379 est,
1074 2314 1175 2388 para

124 2410 189 2474 ert
210 2401 428 2500 magnitudo
450 2401 733 2500 magnitudinis,
762 2402 881 2475 minor
904 2403 1070 2498 orojorr'r,
1095 2428 1174 2476 cum

128 2537 250 2587 maor·
269 2515 420 2588 arctitur
436 2517 625 2612 mojorem.

180 2624 228 2700 Β.
254 2627 329 2700 Sed
351 2628 383 2700 si
410 2628 531 2702 minor
557 2651 633 2702 non
662 2629 838 2703 metiatur
865 2630 1054 2724 majorem,
1084 2653 1174 2702 num

128 2737 214 2814 ideo
231 2764 307 2814 non
324 2739 395 2814 erit
411 2741 508 2814 illius
524 2763 609 2836 pars
624 2739 637 2811 l

178 2853 230 2927 A.
256 2853 348 2926 Erit
405 2852 481 2926 Sed
513 2853 678 2949 loquitur
711 2853 882 2926 Euclides
912 2854 1093 2928 hocloco
1127 2854 1173 2928 de

122 2974 242 3064 porte
271 2965 441 3064 aliquota
452 2994 467 3051 ,·
503 2965 543 3039 id
573 2977 640 3056 est,
669 2989 754 3039 cum
780 2967 899 3062 major
927 2967 1104 3042 dividitur
1134 2969 1174 3041 in

128 3089 254 3175 portes
270 3079 441 3176 aquales,
459 3079 605 3153 illarum
622 3103 696 3153 una
715 3079 796 3152 haec
819 3079 1047 3176 intelligitur.
1099 3080 1175 3154 Sed

129 3216 216 3266 cum
234 3205 328 3267 esset
346 3192 384 3265 in
407 3193 612 3289 geometria
635 3191 861 3289 loquendum
887 3216 983 3287 saepe
1008 3192 1053 3265 de
1078 3217 1174 3265 merr-

127 3328 221 3379 ma
238 3318 276 3380 et
292 3305 574 3395 accuratione,
601 3306 727 3379 deerat
748 3316 873 3379 tamen
890 3306 1069 3378 hactenus
1087 3305 1175 3377 defi-

128 3418 223 3493 nitio
239 3442 431 3493 memroe.
484 3419 661 3492 Definivit
676 3431 822 3514 partem
838 3443 905 3516 per
922 3419 1175 3492 definitionem

128 3554 323 3606 mensurae.
375 3532 473 3604 Nam
490 3554 662 3604 menstra
678 3541 735 3604 eat
751 3531 969 3630 magnitudo
994 3530 1175 3628 magnitu-

128 3643 241 3734 dinis,
259 3645 378 3718 minor
401 3644 558 3740 majoris
573 3642 633 3717 cel
652 3669 723 3716 aon
743 3645 907 3734 minoris,
938 3668 1017 3716 cum
1043 3645 1173 3731 minor,

128 3757 207 3857 ipsi
222 3756 418 3856 applicata
434 3757 548 3830 semet
561 3756 622 3831 cel
629 3756 790 3856 pluries,
808 3759 929 3855 ipram
947 3768 1076 3854 oequot.

179 3871 230 3944 B.
256 3872 394 3945 Omnes
428 3870 576 3966 quidem
619 3871 743 3943 omnia
783 3895 850 3966 per
891 3871 1173 3967 applicationem

129 3984 359 4068 metiuntur;
398 3984 437 4057 in
473 3984 689 4079 corporibus
716 3984 1001 4057 consistentibus
1033 4008 1175 4058 mensu-

128 4096 255 4170 randis
280 4095 383 4185 ulau,
424 4096 609 4185 bracchio,
633 4096 733 4193 pede
759 4109 936 4180 utuntur;
971 4098 1010 4168 in
1038 4098 1173 4187 fluidis,

128 4208 289 4283 wihus.
343 4208 411 4282 Illo
427 4233 561 4306 nempe
579 4222 759 4305 spectant,
778 4208 876 4305 quod
902 4209 1027 4282 dixisti
1050 4234 1172 4308 supra,

128 4321 250 4413 locum
271 4346 454 4397 mensurae
479 4323 517 4397 in
541 4322 743 4397 mensurati
773 4323 855 4397 loco
882 4323 1026 4421 quoties
1057 4326 1175 4399 conti-

1002 4459 1057 4513 Η
