2946 5010
367 421 440 488 390
502 433 557 486 nn
578 432 807 487 rnrncrrrrs
829 434 879 485 nr
899 433 1259 487 narrocrnnrronn

364 602 457 675 nihil
474 601 572 698 quod
597 603 645 675 sit
662 602 805 690 falsum,
823 601 1080 675 verumetiam
1098 601 1189 675 nihil
1207 599 1308 697 quod
1325 611 1417 673 tan-

364 725 443 789 tum
458 716 647 811 probabile
661 715 798 803 existit,
811 714 902 787 nihil
917 714 1074 809 denique
1085 714 1294 803 admittant,
1308 713 1416 810 quod

365 829 576 901 certissimis
594 827 967 901 demonstrationibus
984 851 1059 900 non
1079 828 1333 900 confirmant.''

416 941 560 1016 Quibus
577 942 698 1014 verbis
719 941 822 1037 (quia
837 939 969 1030 aciens,
987 965 1062 1013 non
1080 940 1238 1013 amentio
1255 940 1416 1013 demon-

365 1056 474 1148 strat)
512 1079 589 1128 non
623 1066 739 1127 artem
773 1054 902 1149 ipsam,
938 1053 1003 1126 sed
1036 1053 1232 1149 magistros
1268 1051 1413 1126 laudat.

366 1167 561 1241 Certitndo
579 1167 816 1241 scientiarum
834 1167 997 1240 omnium
1015 1167 1166 1264 aequalis
1184 1177 1250 1256 est,
1269 1166 1415 1263 alioqui

365 1280 464 1353 enim
481 1280 645 1355 scientiae
663 1305 737 1354 non
751 1290 894 1353 essent:
922 1304 1007 1353 cum
1023 1280 1123 1352 scire
1140 1303 1214 1353 non
1232 1280 1416 1375 suscipiat

364 1392 482 1489 magis
500 1404 538 1466 et
562 1395 695 1466 miuus.
747 1391 912 1488 Physica,
931 1391 1062 1481 ethica,
1080 1391 1242 1487 politica,
1261 1391 1293 1463 si
1314 1392 1415 1464 bene

366 1505 626 1580 demonstratae
644 1515 777 1596 essent,
795 1528 871 1577 non
887 1505 1009 1578 minus
1027 1515 1139 1578 certae
1160 1515 1281 1577 essent
1297 1529 1415 1600 quam

364 1619 610 1716 pronunciata
627 1617 908 1691 mathematica:
935 1618 1031 1692 sicut
1054 1641 1123 1690 nec
1147 1617 1416 1691 mathematica

366 1732 529 1807 scientiis
546 1731 625 1805 aliis
639 1731 774 1805 certior
786 1743 895 1821 esset,
908 1731 979 1805 nisi
996 1741 1097 1804 recte
1113 1729 1413 1804 demonstraren-

365 1855 427 1919 tur
444 1869 489 1918 ea
506 1869 589 1941 quae
605 1844 834 1941 pronuntiat.

415 1957 547 2053 Itaque
564 1982 631 2054 per
648 1957 744 2030 hanc
762 1956 955 2053 epistolam
972 1957 1042 2029 hoc
1059 1980 1142 2053 ago,
1156 1966 1199 2029 ut
1216 1955 1415 2029 ostendam

366 2071 434 2145 tibi
452 2095 526 2145 non
546 2071 726 2145 minorem
738 2094 817 2144 esse
831 2068 1025 2143 dubitandi
1043 2094 1190 2144 causam
1205 2071 1243 2143 in
1260 2069 1414 2166 scriptis

365 2185 722 2274 mathematicorum,
754 2207 865 2280 quarn
902 2181 942 2256 in
983 2183 1127 2279 scriptis
1161 2182 1414 2279 physicorum,

366 2297 586 2385 ethicorum,
605 2308 677 2370 etc.

415 2409 559 2483 Omitto
588 2409 685 2481 inter
711 2420 919 2505 geometras
948 2407 1189 2481 dissentiones
1216 2417 1254 2479 et
1279 2420 1416 2483 mutua

366 2523 538 2609 convitia,
558 2545 639 2616 quae
658 2522 804 2616 signnm
818 2522 1061 2594 certissimum
1079 2520 1298 2616 ignorantiae
1309 2534 1412 2595 sunt.

366 2637 452 2730 Ipsa
481 2635 678 2728 aggredior
705 2636 896 2730 principia,
923 2650 960 2708 et
990 2636 1175 2709 interdum
1204 2635 1316 2707 etiam
1346 2638 1413 2709 de-

366 2747 659 2820 monstrationes.
710 2748 794 2818 Sive
812 2749 909 2819 enim
930 2750 1111 2844 principia
1127 2749 1218 2820 falsa
1235 2749 1320 2836 sint,
1333 2751 1413 2823 sive

365 2861 481 2934 illatio
512 2861 717 2932 necessaria
742 2885 816 2933 non
847 2862 905 2950 sit,
930 2863 1193 2935 demonstratio
1216 2861 1318 2933 nulla
1342 2875 1412 2935 est.

366 2975 436 3047 Pro
448 2973 644 3070 geometris
657 2987 780 3046 antem
793 2975 959 3047 omnibns
971 2976 1190 3072 oppugnabo
1205 2975 1412 3063 Euclidem,

366 3088 430 3183 qui
449 3087 611 3160 omnium
629 3099 898 3183 geometrarum
917 3091 1091 3185 magister
1109 3088 1354 3176 existimatur,
1375 3101 1414 3162 et

365 3203 605 3297 interpretem
624 3201 702 3294 ejus
721 3201 883 3273 omnium
902 3204 1082 3297 optimum
1102 3201 1279 3273 Clarium.

417 3316 545 3410 ltaque
564 3313 681 3408 primo
699 3314 781 3386 loco
800 3316 1015 3388 examinabo
1032 3314 1195 3385 Euclidis
1209 3313 1412 3408 principia:

367 3428 541 3515 secund0,
560 3451 603 3499 ea
621 3452 703 3522 qnae
720 3429 908 3523 principiis
928 3428 998 3499 illis
1015 3426 1212 3497 innitentia
1234 3424 1413 3498 videntur

366 3541 456 3612 mihi
480 3564 557 3612 esse
588 3540 690 3628 falsa,
710 3542 785 3613 sive
815 3566 857 3613 ea
881 3541 953 3613 sint
979 3538 1154 3622 Euclidis,
1180 3539 1254 3609 sive
1280 3538 1413 3626 Clavii,

367 3654 442 3725 sive
461 3656 710 3748 cujuscunque
729 3665 940 3747 geometra,
965 3653 1027 3748 qui
1046 3652 1232 3747 principiis
1251 3649 1323 3721 illis
1352 3653 1415 3724 vel

366 3765 445 3837 aliis
462 3766 562 3838 falsis
581 3766 637 3837 usi
655 3779 765 3837 sunt:
792 3780 903 3860 atque
921 3767 972 3837 ita
997 3765 1227 3859 oppugnabo
1245 3773 1287 3833 ut
1305 3764 1414 3835 meli-

366 3901 432 3950 ora
466 3879 611 3973 rejectis
646 3878 878 3964 substituam,
911 3901 957 3948 ne
988 3887 1105 3949 artem
1138 3876 1252 3969 ipsam
1280 3874 1414 3948 videar

366 3988 586 4064 labefactare
606 3990 709 4064 velle.
