2946 5010
318 403 388 468 118
531 417 803 471 exsufflato
822 419 874 471 nn
892 419 1141 473 aununamo

124 607 275 649 antonus
363 583 414 657 B.
442 583 569 659 Socios
585 586 755 683 adjungit
767 586 915 660 Hobbio
933 609 1008 660 non
1025 586 1216 684 ignobiles.

127 689 271 792 ,ξιξ
365 697 414 770 Α.
441 698 516 771 Sed
532 700 621 795 quid
634 701 746 774 habet
762 700 841 796 ipse
858 699 1045 773 Wallisius
1058 700 1105 773 de
1120 697 1357 798 quadratura

314 811 449 885 circuli
466 812 505 884 in
518 837 585 887 sua
602 812 852 886 Arittmetica
868 811 1112 907 Infinitum.

363 925 414 997 B.
439 925 509 1013 Tb,
526 926 557 998 si
567 926 678 1012 voles,
695 924 860 1009 videbis;
886 948 973 998 nam
985 926 1137 998 afferam
1154 923 1223 997 tibi
1244 922 1357 996 etiam

314 1038 417 1111 illum
439 1038 585 1128 librum,
599 1049 794 1135 postquam
820 1038 921 1110 hune
948 1039 1227 1126 excusserimus
1245 1060 1356 1109 exou-

314 1151 493 1224 tiendum.

366 1264 414 1337 A.
442 1265 563 1360 Caput
580 1288 665 1337 xxv.
683 1275 741 1338 est
753 1264 800 1335 de
814 1263 1066 1361 quantitatum
1083 1262 1237 1337 ἐπάσω
1263 1285 1358 1335 eou-

308 1377 518 1476 pnratioae
539 1379 668 1475 quoad
682 1376 944 1473 differentiam,
957 1385 996 1450 at
1011 1375 1140 1474 quood
1152 1375 1358 1448 rationem:

315 1490 354 1563 id
368 1503 437 1580 est,
455 1503 497 1565 ut
514 1491 623 1586 vulgo
641 1490 838 1587 loquimur,
851 1489 897 1562 de
909 1489 1113 1562 rationibus
1124 1487 1360 1562 arithmetioa

315 1616 355 1676 et
370 1604 607 1698 geometrica.
661 1604 760 1678 Dicit
776 1614 901 1677 autem
918 1601 1109 1676 sciendum
1132 1623 1212 1673 esse
1241 1625 1359 1697 quan-

315 1717 439 1791 titates
455 1740 530 1791 non
548 1716 619 1789 nisi
636 1717 881 1812 homogeneas
898 1715 1163 1812 comparandas
1189 1738 1271 1789 esse
1285 1745 1296 1799 ς
1321 1727 1359 1789 et

315 1830 387 1904 hoc
404 1829 552 1926 quidem
571 1841 685 1903 reete.
737 1828 881 1902 Deinde
901 1829 1104 1926 subjungit,
1122 1829 1158 1901 εἰ
1182 1827 1267 1925 qaia
1295 1853 1357 1900 aa·

316 1952 389 2015 tem
401 1940 790 2040 contrariamfecerit,
800 1951 912 2040 pato,
926 1941 1142 2016 datoelineae
1159 1941 1215 2014 od
1228 1940 1358 2014 datam

315 2056 563 2153 stupefiebat,
597 2056 659 2129 vel
699 2056 874 2153 temporis
909 2056 964 2128 ad
998 2055 1143 2143 lineam,
1176 2055 1358 2127 rationem

317 2168 518 2264 inquirens,
538 2169 637 2242 idem
653 2169 727 2242 erit
743 2193 789 2241 ac
805 2168 841 2240 a·
853 2168 1064 2265 moverit
1080 2176 1257 2265 quantam
1274 2177 1358 2240 tem·

309 2281 423 2377 poris
441 2291 609 2379 aequetur
622 2280 739 2355 liaeoe.

367 2391 413 2466 B.
440 2393 597 2466 Videtur
609 2395 670 2467 hie
689 2404 857 2490 repetere
874 2393 965 2466 illud
982 2393 1080 2489 quod
1099 2392 1249 2466 Hobbio
1272 2404 1358 2467 ante

316 2505 513 2600 objecerat,
532 2506 632 2600 quod
649 2507 893 2602 quantitatem
911 2506 1087 2602 temporis
1113 2530 1198 2579 cum
1212 2508 1358 2601 quanti-

317 2628 394 2690 tate
412 2618 517 2690 liueae
535 2620 815 2715 comparaverit.

368 2730 416 2803 Α.
444 2730 625 2805 Praetsreo
642 2733 895 2829 loquutionem
912 2733 1012 2805 illam
1034 2733 1241 2822 barbaram,
1262 2733 1358 2806 idem

317 2844 392 2916 erit
419 2857 490 2916 eto.
544 2844 617 2918 Sed
640 2870 663 2918 a
690 2859 727 2919 te
756 2870 893 2942 quaero‚
911 2859 1036 2918 utrum
1064 2847 1163 2919 idem
1186 2847 1235 2921 sit
1257 2871 1356 2942 quae-

317 2980 397 3029 rere
416 2981 525 3052 quam
543 2960 722 3032 rationem
750 2960 861 3032 habet
891 2959 1077 3054 quantitas
1108 2961 1285 3056 temporis
1312 2959 1358 3032 ad

317 3071 560 3166 quantitatem
578 3073 697 3162 lineae,
709 3086 748 3147 et
775 3095 938 3167 quaerere
967 3083 1145 3168 quantum
1175 3073 1353 3170 temporis

317 3197 486 3280 aequatur
502 3184 621 3258 lineae.

367 3298 415 3370 B.
444 3298 548 3371 Puto.

366 3412 414 3482 A.
443 3411 640 3492 Quantitas
658 3411 844 3504 temporis,
863 3410 1052 3505 quidest?

367 3524 416 3596 B.
444 3525 577 3597 Nonne
594 3526 713 3619 ipsum
732 3537 876 3619 tempus
895 3524 1208 3598 determinatum?

367 3638 416 3711 A.
443 3638 489 3709 Et
507 3638 691 3733 quantitas
708 3637 850 3732 lapidis,
870 3637 958 3733 quid
977 3636 1058 3710 est?

367 3752 416 3824 B.
444 3751 530 3823 Non
548 3763 604 3823 est
621 3750 1200 3848 respondendumnunontprius,
1212 3775 1356 3848 nempe,

315 3889 393 3938 esse
412 3865 530 3959 ipsum
547 3864 705 3960 lapidem
724 3864 1021 3938 determinatum.

365 3979 412 4051 Α.
440 3979 593 4076 Refugis
610 3979 749 4052 scilieet
766 3979 1031 4052 absurditatem
1050 3977 1151 4066 dieti,
1170 3977 1273 4076 Inpia
1300 3988 1357 4052 est

315 4093 515 4189 quantitas.
567 4095 741 4166 Attamen
771 4116 846 4166 non
881 4094 1002 4166 minus
1035 4093 1191 4166 absurde
1223 4093 1358 4166 dicitur

315 4219 460 4300 tempus
473 4231 550 4280 esse
568 4208 824 4301 quantitatem.

368 4318 415 4390 B.
437 4319 538 4393 Quid
555 4318 632 4390 ita?
670 4320 765 4391 Cum
783 4319 820 4390 in
833 4319 1120 4415 praedicamento
1139 4319 1356 4414 quantitatis

315 4440 457 4528 tempus
475 4432 534 4520 sit,
553 4429 655 4527 lapis
673 4454 748 4504 non
768 4431 828 4505 sit.
