2946 5010
333 394 378 460 18
545 403 815 456 sxamruarro
836 405 886 457 nr
906 400 1155 456 nmuuoarro

142 605 293 648 ammons
331 575 403 649 erit
420 572 587 648 definitio
604 594 793 645 mamurra.
844 573 910 645 Est
927 573 1026 646 enim
1043 596 1213 646 mensura
1226 573 1372 671 magni-

146 688 290 792 -L

332 688 420 762 tudo
436 709 510 760 una
527 683 697 774 alterius,
708 683 856 780 quando
875 685 961 782 ipsa
977 685 1038 758 vel
1053 685 1173 784 iprsiroe
1187 685 1371 784 multiplo,

332 799 445 875 alteri
461 796 669 896 applicata,
687 821 766 869 cum
784 822 829 870 ea
847 797 1033 871 coincidit.

381 911 430 985 B.
457 909 633 984 Definitio
650 908 730 982 haec
747 908 824 983 fere
841 909 970 983 eadem
997 920 1053 984 est
1076 934 1160 984 cum
1183 910 1317 984 axiom.
1337 918 1372 984 8.

331 1024 446 1098 Elem.
470 1024 495 1096 i.
522 1021 696 1096 Euclidis
753 1022 850 1096 Nam
879 1022 1045 1097 videmus
1073 1023 1237 1120 quotidie
1265 1047 1374 1097 omne

332 1160 449 1235 genus
482 1149 616 1209 rerum'
639 1158 705 1232 per
739 1153 890 1231 ἐφάρμοσιν
927 1137 1159 1220 mensurari;
1203 1136 1269 1210 sed
1297 1137 1375 1234 ple·

333 1273 488 1346 rumque
506 1249 710 1345 repetitam.

384 1363 433 1437 A.
459 1362 633 1435 Definitio
663 1386 752 1458 ergo
781 1361 872 1451 baec,
891 1385 988 1435 ‘cum
1016 1363 1064 1435 sit
1094 1362 1375 1436 mensurationis

334 1475 557 1573 quotidiana
575 1474 773 1572 descriptio
790 1487 974 1562 accurata,
999 1476 1079 1571 ipsa
1107 1499 1255 1572 quoque
1285 1474 1376 1548 defi-

333 1588 426 1662 nitio
444 1600 618 1663 accurata
635 1599 701 1660 est.
756 1587 936 1662 Quaenam
962 1600 1086 1661 autem
1117 1598 1204 1661 sunt
1229 1586 1375 1684 quanti-

334 1711 430 1776 tates
447 1702 529 1788 illae‚
548 1725 639 1798 quas
656 1700 843 1773 discretas
860 1712 966 1774 vocat
982 1699 995 1773 l

386 1814 435 1887 B.
463 1814 668 1887 Numerum
686 1824 724 1885 et
737 1812 953 1886 orationem.

385 1926 434 2000 A.
462 1926 559 1999 Scio.
612 1924 685 1999 Sed
704 1922 793 2020 quid
811 1925 995 2022 significat
1011 1949 1083 1997 vox
1101 1949 1145 1998 ea
1162 1924 1360 1998 discreto?

387 2040 436 2113 B.
463 2040 616 2114 Ponitur
632 2039 703 2112 hoc
719 2039 800 2112 loco
824 2062 891 2135 pro
910 2038 1133 2136 interrupta,
1160 2037 1236 2110 sive
1263 2037 1377 2110 inter-

336 2155 428 2230 cisa.
479 2151 646 2247 Exempli
664 2174 798 2235 causa;
824 2150 998 2239 Euclida,
1026 2151 1066 2223 iu
1091 2150 1274 2247 prioribus
1302 2151 1378 2246 qui·

338 2269 423 2342 dem
439 2289 503 2340 sex
516 2265 731 2352 Elementis,
742 2265 1009 2361 diagrammata
1023 2288 1068 2337 ex
1085 2264 1191 2337 lineis
1209 2274 1379 2337 constant

337 2378 536 2477 perpetuis
557 2377 632 2450 sive
659 2377 833 2450 continue
859 2376 993 2467 ductis,
1026 2376 1157 2474 quibus
1184 2379 1380 2474 exponitur

336 2491 468 2565 lectori
486 2491 672 2586 quantitas
689 2491 889 2574 continua;
917 2490 1062 2581 deiude,
1088 2493 1127 2564 iu
1153 2492 1271 2564 tribus
1297 2491 1380 2564 Ele-

339 2605 473 2678 mentis
491 2603 738 2700 sequentibus,
755 2602 861 2676 lineis
878 2628 964 2678 usus
989 2616 1046 2678 est
1071 2605 1234 2701 punctim
1260 2605 1381 2701 desig-

340 2717 449 2805 natis,
462 2715 538 2788 sive
550 2715 657 2788 lineis
668 2715 861 2802 intercisis,
872 2729 915 2788 ut
927 2729 1126 2813 exponeret
1137 2718 1381 2813 quantitatem

339 2828 491 2902 numeri.
542 2827 699 2900 Videtur
715 2851 803 2923 ergo
826 2829 970 2901 Euclidi
994 2830 1098 2926 origo
1124 2832 1266 2903 numeri
1293 2855 1383 2904 con·

341 2943 470 3016 sistere
485 2942 524 3014 in
543 2941 720 3014 divisione
737 2941 872 3037 integri
894 2943 1085 3016 continui?

391 3056 440 3130 Α.
468 3055 689 3129 Certissime.

389 3166 436 3241 B.
464 3168 537 3241 Sed
546 3168 726 3255 Wallisio,
734 3180 875 3257 contra,
887 3192 931 3241 ex
943 3169 1207 3264 compositione
1218 3193 1383 3243 unorum.

391 3281 440 3355 Α.
468 3282 688 3376 Quanquam
706 3279 748 3369 is,
767 3281 830 3376 qui
847 3281 986 3376 primus
1011 3283 1231 3371 numeravit,
1256 3293 1382 3355 utrum

341 3418 474 3491 corpus
508 3393 655 3490 corpori
688 3393 871 3489 apposuit,
902 3417 950 3466 an
988 3394 1026 3466 in
1062 3418 1219 3491 corpora
1248 3393 1384 3483 divisit,

342 3507 433 3582 nihil
446 3506 604 3589 reserat;
630 3505 812 3601 posterius
826 3517 950 3579 tamen
963 3506 1196 3579 verisimilius
1210 3518 1288 3591 est;
1314 3508 1386 3580 nisi

344 3628 471 3717 putem
488 3619 591 3692 illum
604 3618 790 3691 hominem
807 3641 922 3691 unum
940 3642 1090 3691 vocasse
1107 3643 1235 3702 anum
1253 3619 1385 3693 deinde

343 3755 459 3805 uuum
473 3731 659 3805 hominem
672 3743 710 3803 et
726 3754 838 3803 uuam
855 3730 1025 3802 arborem
1041 3731 1141 3813 duo;
1166 3731 1253 3804 item
1271 3757 1387 3806 unum

345 3843 543 3933 hominem,
571 3852 610 3916 et
636 3866 749 3916 unam
783 3843 965 3927 arborem,
995 3854 1034 3914 et
1064 3865 1180 3916 unum
1208 3857 1386 3934 montem,

348 3965 451 4040 trem
474 3969 514 4030 et
541 3956 595 4029 sic
623 3954 805 4051 deinceps.
868 3954 1052 4027 Numerus
1080 3956 1191 4045 enim,
1221 3956 1388 4030 absolute

348 4069 481 4158 dietus,
494 4069 667 4166 supponit
680 4070 718 4142 iu
731 4066 1000 4141 mathematicis
1012 4068 1183 4158 unitates,
1196 4093 1242 4142 ex
1256 4071 1389 4166 quibus

347 4183 595 4270 constituitur,
612 4184 710 4255 inter
726 4205 765 4255 se
783 4181 963 4277 aequales:
991 4182 1238 4278 aequalitatem
1264 4196 1388 4257 autem

345 4297 532 4371 unitatum
549 4296 588 4369 in
605 4296 810 4392 quantitate
831 4294 919 4367 oriri
936 4294 1006 4370 nisi
1023 4294 1237 4370 adivisione
1254 4297 1389 4395 integri
