2946 5010
276 386 345 454 186
489 398 758 452 xxAmNAuto
779 396 1098 451 unumunurm

79 598 232 640 ornnoom
271 565 474 642 rationibus
496 573 511 638 l
533 563 621 638 4414
640 575 681 638 et
702 564 830 639 14414.
882 563 979 638 Nam
993 565 1089 639 ratio
1107 562 1190 639 2441
1208 574 1230 637 4
1251 563 1318 637 du-

86 679 230 785 ss
270 681 408 779 plicato
434 688 531 752 esset
560 678 715 752 rationis
743 687 757 752 l
785 678 887 753 4414.
940 679 1014 752 Sed
1043 678 1138 752 ratio
1166 677 1252 750 lod
1273 685 1317 750 16

271 793 459 890 duplicato
475 801 533 865 est
550 791 705 865 rationis
722 791 848 865 14414.
891 791 999 865 Esset
1015 814 1104 888 ergo
1121 801 1164 865 ut
1181 800 1203 864 2
1218 789 1267 862 ad
1280 800 1317 880 4,

271 907 362 980 ital
385 904 510 979 44116.
563 902 760 977 Conclusio
789 916 926 993 autem,
957 927 1066 1001 quem
1093 902 1244 976 deducit
1273 926 1319 975 ex

272 1021 343 1095 hec
376 1015 626 1115 propositione
655 1015 780 1105 xxxix,
798 1027 856 1091 est
879 1016 1083 1112 propositio
1111 1015 1161 1104 xl,
1186 1038 1319 1111 nempe

272 1132 375 1208 hoec:
403 1131 448 1204 Si
469 1139 711 1228 proponetur
727 1130 845 1203 series
870 1130 1120 1227 quantitatum
1136 1129 1175 1203 iu
1193 1129 1322 1229 tripi'-

273 1254 363 1320 cotu
402 1244 551 1317 ratione
587 1241 820 1316 arithmetice
854 1241 1208 1340 proportionalium,
1242 1244 1320 1317 sive

263 1357 382 1453 juutu
404 1354 538 1428 seriem
555 1377 784 1427 numerorum
803 1352 1010 1428 cubicorum
1036 1354 1202 1428 contiuuo
1219 1379 1319 1429 cres-

274 1469 443 1558 centium,
457 1493 482 1541 a
492 1476 633 1565 puncto
650 1466 710 1541 cci
725 1477 749 1542 0
772 1466 1049 1551 inchoatarum
1074 1469 1186 1558 ratio,
1210 1494 1319 1567 quam

274 1581 385 1657 dubet
409 1580 482 1655 rua
504 1581 561 1655 ud
586 1580 719 1654 seriem
746 1580 897 1655 totidem
925 1581 1095 1655 mouimce
1115 1581 1319 1678 equalium,

274 1693 593 1795 mdquudruplum
623 1694 844 1792 superedit;
885 1693 1035 1793 critque
1067 1718 1241 1769 excessus
1274 1718 1320 1767 ea

275 1810 388 1899 ratio,
405 1833 516 1907 quom
532 1806 642 1881 iubet
669 1808 795 1883 unitos
822 1807 878 1882 ud
903 1806 1155 1908 quadruplum
1180 1807 1320 1880 mummi

275 1923 512 1996 terminorum
521 1929 614 2020 port
630 1930 654 1995 0
667 1948 682 2006 ;
707 1920 797 2011 eice,
814 1945 922 2019 quum
935 1921 1044 1996 dohet
1061 1922 1174 1997 radic
1190 1921 1321 1995 cubica

276 2035 427 2109 termini
463 2033 579 2133 primi
606 2043 698 2130 poet
732 2044 768 2124 0,
802 2034 858 2108 ad
893 2035 1142 2132 quadruplum
1175 2035 1321 2109 radicis

275 2147 408 2223 cubico
425 2147 573 2222 termini
590 2147 753 2221 muuimi.

326 2260 376 2335 B.
404 2261 498 2351 Erit,
525 2259 658 2356 inquit,
690 2283 861 2334 excessus
887 2261 1042 2334 rationis
1068 2284 1179 2358 quom
1209 2261 1322 2335 habet

275 2374 388 2448 series
405 2374 649 2448 crescentium
677 2372 724 2447 441
746 2373 902 2448 totidem
919 2375 1109 2458 maximos,
1136 2397 1247 2470 supro
1262 2399 1321 2447 ro-

275 2485 416 2560 tionem
433 2484 755 2581 subquadruplam,
770 2510 814 2559 44
832 2487 928 2560 ratio
942 2510 1054 2584 quum
1070 2488 1182 2560 habet
1198 2487 1321 2560 unitos

276 2599 324 2673 ed
342 2599 585 2695 quadruplum
598 2600 743 2672 numeri
756 2601 999 2673 terminorum
1015 2612 1099 2697 post
1112 2609 1148 2674 0.
1192 2598 1323 2687 idest,

275 2723 316 2796 in
333 2723 403 2796 hoc
421 2708 665 2822 serieffl,
676 2725 771 2798 ratio
784 2733 807 2797 9
822 2724 870 2797 ad
883 2735 930 2798 24
945 2724 1132 2822 superabit
1142 2725 1321 2797 rationem

277 2840 599 2937 subquadruplam,
618 2854 656 2915 et
673 2866 841 2915 excessus
859 2843 929 2915 erit
946 2843 1041 2915 ratio
1064 2851 1078 2915 l
1100 2840 1147 2914 ad
1166 2850 1200 2913 8.

328 2952 376 3025 A.
404 2952 538 3026 Nonne
556 2978 645 3050 ergo
662 2955 757 3028 ratio
782 2965 797 3027 l
819 2954 867 3027 441
885 2963 919 3041 8,
941 2955 1145 3052 composita
1162 2977 1245 3026 cum
1262 2977 1319 3026 ra-

277 3064 378 3138 tione
395 3066 680 3164 subquadruplo,
697 3069 809 3142 faciet
826 3067 1007 3142 rationem
1024 3076 1047 3140 9
1067 3067 1113 3140 ad
1132 3078 1178 3141 24
1196 3066 1208 3138 i

329 3178 378 3252 B.
406 3179 630 3255 Certissime.

329 3292 378 3364 A.
406 3292 480 3365 Sed
497 3294 591 3367 ratio
608 3304 622 3366 l
638 3294 686 3367 ad
705 3302 740 3383 8,
752 3304 790 3367 et
807 3295 902 3368 ratio
921 3295 1079 3382 644124,
1092 3294 1131 3367 141
1150 3306 1217 3384 est,
1237 3294 1323 3367 sub·

278 3405 493 3503 quadrupla,
520 3407 662 3480 fuciunt
692 3407 872 3480 rationem
894 3408 1087 3482 6441192.
1139 3409 1206 3481 Est
1234 3432 1322 3504 ergo

277 3535 320 3593 ut
336 3528 360 3592 9
378 3518 426 3593 441
444 3528 491 3592 24
518 3520 570 3592 itu
590 3520 776 3594 6441192.
830 3520 898 3593 Vel
922 3522 953 3593 si
981 3534 1168 3618 ponantur
1195 3523 1324 3595 ordine

279 3634 319 3706 hi
335 3632 478 3705 numeri
495 3640 530 3722 9,
551 3643 585 3722 6,
601 3640 661 3722 24,
679 3634 773 3706 ratio
791 3642 814 3706 6
834 3625 946 3707 44124
967 3648 1022 3708 est
1039 3635 1323 3732 subquadrupia.

282 3747 439 3842 Superat
457 3758 580 3819 autem
596 3747 690 3820 ratio
709 3756 732 3820 9
749 3747 858 3819 44124
874 3748 1055 3821 rationem
1072 3749 1155 3821 6441
1173 3759 1220 3822 24
1240 3749 1325 3820 sub·

281 3858 535 3956 quadruplum,
565 3859 709 3932 ratione
727 3868 750 3932 9
768 3859 816 3932 ad
833 3866 868 3930 6.
921 3860 988 3934 Est
1015 3886 1103 3958 ergo
1132 3874 1173 3934 ut
1198 3861 1282 3934 9ad
1300 3868 1323 3932 6

280 3974 333 4045 ita
364 3981 377 4045 l
407 3970 455 4044 ad
485 3980 520 4045 8.
583 3972 727 4045 Siccine
762 3972 881 4045 solent
912 3990 1072 4063 γεωμετρεῖν
1101 3974 1324 4071 professores

281 4083 442 4180 publici?

331 4197 379 4269 B.
406 4197 571 4270 Eundem
591 4208 689 4271 erret
707 4219 881 4287 errorem,
899 4222 998 4272 nuno
1016 4211 1054 4272 et
1070 4211 1166 4272 onte.

329 4306 376 4382 A.
404 4310 546 4383 Deinde
572 4310 671 4406 quod
699 4309 834 4384 infert:
866 4312 955 4385 Cum
978 4322 1112 4399 cutem,
1135 4319 1324 4384 crescente
