2946 5010
302 398 352 466 98
521 415 789 469 EXAMINATIO
810 418 862 469 ET
881 416 1131 470 EMENDATIO

115 600 267 643 antonus
304 580 439 653 tionum
456 594 667 681 supersunt,
686 585 819 681 iuquit,
836 584 1200 683 vestigia-Nonne
1218 582 1348 657 viden-

117 682 262 786 ,ΒΓΕ
302 704 364 766 tur
375 694 442 769 tibi
453 698 708 792 operationum
719 699 873 795 vestigia
883 698 1113 794 expressiora
1129 720 1220 786 esse,
1233 698 1348 771 verba

302 819 342 879 et
359 808 505 904 ciphras
523 811 691 907 scriptas,
709 812 787 884 sine
805 811 937 906 quibus
964 810 1129 907 operatio
1158 809 1241 882 fieri
1270 835 1347 884 nou

302 934 436 1016 potest,
470 947 579 1018 quam
614 925 790 1025 symbola,
826 925 958 1020 quibus
992 948 1119 997 carere
1147 934 1283 1020 potest,
1308 936 1347 996 et

304 1056 449 1130 semper
477 1037 595 1109 caruit
625 1038 791 1134 operatio
820 1037 1081 1110 arithmetica?
1144 1036 1226 1110 Nisi
1249 1036 1346 1109 forte

303 1160 412 1241 putes
430 1149 539 1221 A÷B
558 1149 752 1223 dicendam
769 1174 847 1223 esse
861 1149 1098 1238 additionem,
1116 1159 1181 1222 aut
1198 1148 1270 1221 AB
1289 1148 1347 1222 vel

302 1260 412 1333 A><B
430 1263 784 1357 multiplicationem,
803 1275 842 1336 et
853 1259 1115 1354 {divisionem
1131 1284 1212 1334 esse
1229 1262 1264 1335 A
1281 1284 1348 1358 per

306 1374 349 1446 B.
402 1375 475 1448 Sed
493 1375 580 1465 Rea,
597 1375 730 1475 inquit,
749 1386 829 1449 toto
857 1374 1023 1474 exemplo
1041 1373 1171 1448 acelina
1182 1372 1347 1472 patebit.

304 1487 433 1583 Itaque
450 1489 640 1584 problema
656 1490 819 1578 adducit,
838 1489 939 1585 quod
956 1500 995 1562 et
1016 1511 1082 1584 per
1103 1487 1293 1583 algebram
1310 1499 1348 1561 et

304 1601 382 1674 sine
400 1601 550 1698 algebra
573 1603 662 1676 solvi
691 1614 835 1700 potest;
862 1614 901 1675 et
927 1611 1083 1696 utroque
1109 1599 1222 1673 modo
1246 1611 1348 1674 recte

304 1715 431 1800 solvit;
456 1716 509 1789 ita
533 1728 657 1790 tamen
683 1730 728 1790 ut
754 1714 997 1790 solutionibus
1014 1714 1085 1786 illis
1111 1712 1204 1787 nihil
1230 1713 1348 1809 possit

303 1853 382 1904 esse
392 1830 510 1926 magis
523 1830 731 1926 appositum
742 1829 789 1902 ad
803 1827 1073 1902 ostendendum
1086 1825 1186 1922 quod
1198 1826 1347 1922 algebra

303 1956 450 2017 nonest
466 1944 661 2040 analytica.
725 1942 920 2016 Problema
945 1952 1070 2014 autem
1087 1939 1139 2013 sic
1167 1962 1208 2012 se
1235 1939 1347 2013 habet

303 2058 466 2130 carmine
484 2056 691 2130 redditum:

422 2257 557 2315 Accessit
570 2257 654 2332 virgo
664 2265 724 2315 tres
738 2256 862 2332 supplex
875 2254 977 2314 ordine
991 2253 1092 2324 Divos,

422 2350 463 2407 Et
477 2350 545 2407 tulit
559 2351 697 2409 accedens
712 2369 796 2419 ossea,
808 2357 880 2424 quot
893 2347 1000 2417 nescio,
1016 2365 1122 2404 secum.

423 2443 531 2501 Oratus
545 2443 645 2500 ductos
659 2443 820 2518 geminavit
832 2441 953 2517 Jupiter
966 2458 1043 2498 asses
1057 2461 1066 2507 ς

420 2536 559 2593 Protinus
573 2536 622 2593 illa
633 2536 704 2593 Jovi
718 2545 778 2593 tres
792 2554 868 2593 asses
881 2543 965 2610 grata
978 2531 1124 2608 pependit.

425 2626 560 2702 Quotque
571 2627 774 2704 superfuerant
788 2628 921 2703 duplavit
934 2627 1063 2684 Phoebus
1077 2623 1186 2700 Apollo
1200 2647 1211 2694 ;

424 2719 516 2778 Grata
530 2721 630 2779 itidem
643 2721 755 2778 Phoebo
768 2731 827 2779 tres
842 2721 925 2795 virgo
938 2718 1065 2777 reddidit
1078 2736 1165 2775 asses.

421 2814 518 2871 Pullus
532 2823 603 2872 tune
616 2814 742 2889 reliquos
755 2814 915 2890 geminavit
930 2812 1053 2888 virginis
1064 2829 1141 2869 asses
1154 2833 1163 2878 ;

423 2905 547 2963 Assibus
561 2917 590 2964 et
604 2907 720 2964 tandem
734 2907 828 2964 tribus
842 2914 887 2963 est
901 2905 1007 2962 donata
1020 2903 1167 2960 Minerva.

422 2999 538 3057 Unicus
551 3008 582 3058 et
595 3011 733 3075 superest,
749 3019 836 3074 quem
850 3017 948 3057 secum
962 2996 1084 3065 rettulit,
1100 2995 1181 3052 assis.

422 3093 479 3152 Dic
488 3094 561 3151 mihi
574 3104 645 3169 quot
658 3093 773 3152 fucrant
786 3112 858 3168 quos
866 3092 960 3168 primo
973 3091 1058 3167 virgo
1067 3088 1180 3148 serebat
1194 3088 1208 3145 ἲ

354 3283 471 3357 Solvit
488 3296 612 3357 autem
630 3305 696 3376 per
716 3281 903 3376 algebram
920 3280 994 3352 sic:

354 3397 424 3469 Pro
441 3396 569 3492 ignoto
583 3417 737 3467 numero
754 3393 891 3465 assium
908 3391 961 3464 al-

403 3510 560 3582 latorum
579 3507 684 3603 ponit
703 3560 963 3580 .....
996 3511 1050 3576 Ν

355 3623 430 3698 Qui
448 3620 836 3718 duplatusaJovefit.
890 3676 898 3694 .
953 3675 961 3692 .
991 3626 1050 3694 nt

354 3736 446 3809 lude
477 3735 559 3808 Jovi
595 3734 725 3807 solutis
758 3743 780 3807 3
808 3734 961 3824 assibus,

404 3860 545 3922 restant
576 3903 962 3921 .......
990 3858 1097 3925 nt—
1124 3853 1146 3917 3
1169 3867 1281 3919 asses,

355 3962 429 4036 Qui
444 3961 584 4056 duplati
595 3961 641 4033 ab
653 3959 936 4056 Apolline,fiunt
955 4015 963 4032 .
990 3970 1098 4035 st-
1123 3965 1147 4030 6
1169 3983 1281 4032 asses.

354 4075 445 4148 Inde
457 4074 618 4170 Apollini
635 4074 763 4146 solutis
775 4081 798 4144 3
810 4072 962 4165 assibus,

403 4200 544 4260 restant
579 4241 962 4261 .......
989 4191 1100 4259 les-
1123 4191 1146 4256 9
1169 4207 1283 4258 asses.

354 4302 428 4378 Qui
446 4302 588 4398 duplati
606 4326 628 4377 a
645 4299 803 4388 Pallade,
823 4301 917 4376 fiunt
953 4357 962 4375 .
990 4305 1145 4376 st-ls
1168 4322 1280 4373 asses
