2946 5010
387 428 442 480 nn
462 426 764 480 mnomrronrma
785 426 969 480 crnonnr.
1128 408 1196 475 361

164 597 232 671 ΟΝ
256 597 406 693 aequalia
434 596 495 671 CL
517 596 575 670 vel
605 595 699 681 CM;
734 599 985 693 jungaturque
1012 593 1092 683 BN,
1121 616 1203 691 qnae
1229 612 1401 656 consonue-

163 710 303 784 secabit
319 707 386 783 DL
399 709 437 782 in
455 708 641 806 diagonali
658 708 723 783 Ac
740 709 787 783 ad
798 710 842 783 O.
876 710 1043 781 Duoatur
1059 730 1204 804 quoqne
1244 697 1387 800 JK..

25 860 28 864 ·
165 825 235 898 AK
263 847 392 898 secans
419 823 651 918 diagonalem
676 824 742 896 ΒΙ)
765 823 804 896 in
827 822 871 911 V,
890 836 929 895 et
955 820 1026 896 HG
1052 821 1092 894 in
1112 845 1149 918 q,
1166 833 1206 895 et

166 937 234 1010 BN
252 938 292 1010 in
309 962 341 1024 o,
360 949 398 1010 et
415 937 640 1033 producatur
657 935 704 1008 ad
720 936 783 1008 BC
802 936 842 1008 in
858 959 904 1008 w.
941 935 1010 1008 Per
1026 944 1205 1030 punctum

164 1049 196 1126 Ο
215 1050 371 1124 ducatur
388 1062 491 1124 recta
508 1050 569 1123 Rs
588 1050 760 1145 parallelo
779 1049 853 1139 ΒΟ,
872 1072 1000 1123 secans
1018 1049 1084 1121 ΑΒ
1101 1048 1141 1121 in
1159 1048 1205 1135 R,

163 1175 201 1238 et
219 1163 283 1238 CD
301 1164 340 1237 in
359 1165 396 1253 S,
415 1164 643 1261 dueatnrque
659 1163 721 1236 AS
739 1185 866 1236 secans
885 1163 944 1235 FF.
961 1164 1001 1235 in
1019 1186 1053 1251 a,
1069 1173 1107 1235 et
1120 1186 1204 1258 pro-

164 1277 321 1351 ducatur
336 1277 385 1351 ad
402 1277 551 1352 ductam
569 1277 657 1351 DM.
710 1275 939 1350 Producatur
963 1276 1052 1349 item
1073 1277 1134 1350 RS
1157 1275 1206 1349 ad

165 1390 320 1465 eandem
334 1390 410 1464 DM
428 1390 466 1462 in
484 1389 524 1462 Z.

540 1586 783 1640 PROPOSITIO
805 1589 832 1638 1.

214 1716 400 1790 Producta
416 1716 476 1789 AS
494 1716 632 1789 incidet
648 1715 687 1789 in
705 1716 759 1789 M.

218 1829 402 1904 Quoniam
421 1828 518 1900 enim
536 1828 692 1923 angulus
711 1828 809 1902 ΒΟΝ
828 1839 948 1901 sectus
967 1837 1024 1900 est
1039 1826 1207 1900 bifariam

165 1942 293 2027 aCO;
319 1942 390 2015 erit
406 1954 448 2015 nt
468 1941 530 2014 ΒΟ
546 1942 594 2015 ad
613 1942 679 2015 CN
697 1943 774 2016 sive
792 1942 879 2031 CM,
898 1943 950 2015 ita
976 1942 1041 2014 ΒΟ
1059 1940 1106 2014 ad
1124 1941 1206 2014 ΟΝ.

167 2054 241 2127 Sed
257 2066 299 2127 ut
317 2055 382 2127 ΒΟ
399 2054 448 2128 ad
460 2054 544 2139 ON‚
561 2056 615 2127 ita
631 2066 687 2128 est
708 2057 874 2151 (propter
891 2054 1078 2150 triangula
1096 2054 1207 2142 BOR,

167 2168 265 2241 NOS
295 2168 443 2261 similia)
476 2168 543 2241 ΒΟ
574 2167 622 2243 ad
647 2168 732 2252 OS;
768 2179 806 2240 et
832 2167 918 2262 quia
947 2167 1074 2264 anguli
1103 2166 1208 2256 008,

167 2280 258 2353 COS
284 2294 371 2353 sunt
397 2280 567 2376 aequales,
591 2292 701 2353 erunt
724 2304 870 2376 quoque
900 2293 981 2353 tum
1003 2292 1116 2354 reotae
1142 2280 1208 2369 SZ,

168 2393 240 2482 CS,
258 2394 331 2483 OS,
350 2405 430 2466 tum
448 2393 527 2481 ΒΟ,
543 2392 616 2481 DS,
631 2392 690 2465 SV
706 2393 872 2490 (propter
889 2393 1074 2490 triangula
1092 2392 1208 2481 KAD,

168 2508 270 2581 KVO
288 2506 436 2597 similia)
462 2507 559 2579 inter
576 2529 615 2579 se
632 2506 800 2603 aequales.
855 2507 979 2582 Quare
1003 2517 1045 2580 ut
1072 2505 1135 2580 ΒΟ
1160 2506 1209 2580 ad

168 2618 234 2692 CN
249 2619 307 2693 vel
326 2619 411 2708 CM,
425 2620 478 2692 ita
495 2632 551 2691 est
569 2618 630 2691 DS
648 2619 696 2690 ad
714 2618 783 2693 SC.
834 2619 882 2691 Et
896 2618 1152 2716 componendo
1166 2630 1209 2692 nt

169 2733 230 2807 DS
249 2734 298 2807 ad
315 2733 380 2807 DC
398 2733 472 2807 sive
491 2731 565 2822 BC,
584 2732 637 2805 ita
654 2747 711 2805 est
728 2732 790 2806 ΒΟ
804 2732 852 2806 ad
870 2734 955 2806 ΒΜ.
1009 2735 1104 2807 Sunt
1120 2756 1209 2829 ergo

169 2847 254 2936 BM,
274 2847 337 2921 BC
357 2846 449 2941 (sive
468 2845 550 2934 AB)
571 2858 609 2918 et
635 2846 696 2919 DS
715 2848 888 2920 continue
906 2847 1207 2945 proportionales.

168 2959 353 3034 Produota
369 2984 458 3056 ergo
476 2960 537 3033 AS
556 2959 727 3032 transibit
745 2984 812 3056 per
829 2961 882 3034 M.

533 3180 782 3233 PROPOSI'I'IO
804 3183 849 3234 11.

219 3298 335 3371 Recta
350 3299 422 3370 BM
441 3298 590 3393 aequalis
609 3308 663 3370 est
681 3297 783 3370 arcui
802 3297 879 3371 BD.

218 3409 385 3483 Ducatur
401 3434 466 3506 per
483 3410 516 3483 Ο
533 3420 636 3482 reeta
652 3432 698 3481 ra
712 3409 886 3505 parallelo
903 3410 980 3499 DC,
994 3435 1121 3484 secans
1139 3413 1208 3485 AD

169 3520 207 3592 in
224 3544 247 3591 r
264 3533 301 3594 et
320 3522 382 3594 ΒΟ
395 3521 434 3593 in
450 3545 481 3592 a.
519 3521 612 3593 Cum
630 3544 718 3615 ergo
736 3522 783 3594 sit
799 3534 842 3594 ut
860 3523 921 3596 Ds
939 3522 986 3598 ad
1005 3523 1063 3597 SC
1079 3525 1133 3598 ita
1147 3525 1209 3599 ΒΟ

173 3634 227 3727 (id
245 3647 302 3706 est
326 3633 407 3726 Dc)
436 3633 485 3706 ad
508 3633 592 3720 ΟΜ,
612 3645 650 3706 et
667 3635 922 3730 componendo
940 3649 982 3709 ut
1000 3637 1061 3710 DS
1079 3637 1126 3710 ad
1144 3636 1210 3711 DC

169 3749 222 3821 ita
249 3747 311 3821 ΒΟ
329 3747 387 3819 vel
413 3746 478 3820 DC
504 3746 552 3819 ad
580 3745 668 3835 BM,
685 3770 751 3843 per
779 3749 1074 3843 praecedentem
1101 3764 1210 3824 erunt

172 3862 239 3949 Ba,
260 3862 333 3950 ΒΟ,
354 3861 427 3933 ΒΜ
446 3862 620 3934 continue
637 3862 956 3957 proportionales;
975 3875 1084 3959 atque
1098 3865 1209 3936 etiam

169 3998 295 4049 earum
312 3974 498 4071 potentiae,
518 3997 650 4070 nempe
666 3976 833 4070 potentia
857 3977 924 4065 Ba,
941 3978 1109 4074 potentia
1134 3976 1209 4068 ΒΟ,

169 4089 336 4185 potentia
361 4089 435 4161 ΒΜ
453 4101 563 4161 erunt
580 4089 756 4161 continue
779 4090 1084 4186 proportionalem
1137 4092 1211 4170 Sed

169 4201 336 4297 potentia
370 4200 432 4274 BC
466 4199 578 4295 tripla
613 4213 669 4273 est
705 4202 883 4298 potentiae
917 4201 978 4275 CL
1013 4203 1088 4276 sive
1123 4204 1208 4276 ΟΜ.

171 4315 295 4390 Quare
312 4315 489 4412 potentiae
512 4325 695 4389 rectarum
715 4316 783 4402 Ba,
802 4313 875 4405 BC,
895 4317 968 4390 BM
986 4327 1072 4391 sunt
1090 4317 1128 4391 in
1152 4341 1209 4391 ra·
