2946 5010
329 350 398 419 194
537 365 807 421 arsurusmo
827 367 879 420 nr
897 367 1146 421 aununarro

138 556 289 601 ammaus
326 530 707 630 parallelogrammum
724 557 800 608 suae
816 534 1001 631 parabolae
1016 532 1308 631 sesquialterum,
1322 542 1366 604 ut

143 639 286 745 „L
327 656 368 720 et
383 644 572 743 cylindrus
588 645 646 720 sui
662 647 828 721 concidis
844 647 1045 744 parabolici
1064 646 1229 744 duplum.
1272 646 1366 719 Cum

326 758 416 834 item
448 758 547 833 basis
579 759 825 856 paraboloidis
859 759 981 834 cubici
1015 761 1091 834 sive
1124 758 1367 856 parabolastri

325 871 446 970 primi,
478 871 667 946 decrescat
692 871 733 946 in
760 872 905 947 ratione
932 883 1142 970 temporum
1168 872 1365 968 triplicata,

326 986 399 1060 erit
413 984 797 1083 parallelogrammum
813 985 871 1059 sui
887 985 1131 1083 parabolastri
1157 985 1268 1082 primi
1295 1008 1368 1057 ses-

327 1097 567 1196 quitertium
594 1108 633 1172 et
648 1097 836 1195 cylindrus
851 1098 909 1172 sui
925 1098 1010 1171 coni
1037 1098 1189 1195 triplum
1205 1129 1215 1182 ;
1242 1108 1281 1171 et
1302 1121 1367 1194 pa-

327 1211 631 1309 rallelopipedum
647 1211 705 1285 sui
720 1211 922 1309 pyramidis
951 1211 1114 1308 triplum.
1167 1212 1215 1284 Et
1240 1211 1292 1283 sic
1322 1210 1367 1283 de

328 1323 472 1401 caeteris
483 1324 623 1421 figuris,
640 1335 751 1422 prout
761 1324 952 1421 postulant
968 1324 1130 1398 rationes
1153 1325 1261 1420 juxta
1277 1347 1367 1419 quas

327 1446 562 1536 generantur.

381 1543 508 1635 ltaque
542 1537 735 1611 theorema
766 1537 839 1611 hoc
874 1537 1092 1629 universale,
1129 1560 1286 1632 nempe:
1330 1537 1368 1609 in

328 1649 568 1749 omaiflgura
582 1659 766 1747 generata
771 1675 849 1749 per
863 1661 996 1725 motum
1008 1650 1139 1749 quanti
1155 1651 1370 1724 decrescen-

329 1764 383 1839 tis
395 1762 508 1838 donec
519 1773 713 1837 mamaeae
729 1762 769 1836 ia
781 1773 972 1862 punctam,
989 1764 1187 1838 secuudum
1212 1763 1370 1861 quamli-

329 1874 586 1951 narrationem
602 1885 827 1950 constantem
843 1875 891 1951 od
907 1876 1015 1950 initio
1042 1885 1160 1951 motus
1172 1877 1228 1950 od
1239 1877 1369 1970 finem,

329 1988 661 2088 rationemfiguroe
672 1987 804 2087 sactoe
820 1990 876 2064 ad
899 1989 1196 2090 conplementum
1223 1993 1317 2087 ejus,
1330 1991 1374 2063 id

329 2112 399 2194 est,
416 2102 472 2177 cd
484 2101 529 2175 id
538 2103 749 2201 quofiguro
760 2100 883 2200 sacta
895 2111 1100 2202 superatur
1116 2102 1165 2177 ab
1182 2105 1372 2202 eafigura

330 2240 412 2315 pace
430 2215 553 2315 foeta
578 2215 932 2313 execramentum
957 2241 1146 2314 generans
1175 2218 1371 2291 maneret

331 2328 529 2427 integrum,
547 2353 627 2402 eam
653 2352 863 2427 essequam
889 2328 1001 2403 habet
1029 2330 1131 2404 ratio
1156 2330 1296 2428 reliqui
1320 2329 1375 2402 cd

331 2440 514 2540 reliquum
531 2440 586 2514 ad
599 2442 782 2515 rationem
798 2440 920 2517 oblati
935 2443 991 2517 ad
1007 2442 1199 2526 ablatum
1215 2443 1372 2538 ideoque

331 2555 397 2628 ubi
413 2555 595 2651 reliquum
611 2554 660 2628 ad
676 2554 858 2651 reliquum
872 2568 929 2630 est
946 2556 986 2630 in
1013 2557 1157 2630 ratione
1184 2555 1297 2630 ablati
1323 2555 1371 2627 ad

332 2667 497 2741 ablatum
520 2666 706 2764 duplicata
731 2667 789 2740 vel
819 2669 1006 2765 triplicata
1033 2680 1118 2757 eta,
1136 2668 1188 2741 ibi
1215 2669 1371 2762 figuram

331 2780 467 2854 factam
498 2781 544 2853 ad
575 2781 885 2878 complementum
914 2807 992 2856 esse
1026 2781 1189 2879 duplum,
1207 2782 1370 2877 triplum,

333 2903 417 2981 ete,
448 2894 679 2989 respective:
725 2894 926 2985 theorema,
961 2895 1124 2990 inquam,
1157 2894 1229 2967 hoc
1259 2894 1372 2966 habet

333 3004 588 3079 claritudinem
606 3030 672 3102 per
690 3030 728 3079 se
756 3017 901 3081 tautam
927 3006 1017 3092 fere,
1035 3017 1078 3080 ut
1105 3007 1219 3103 possit
1244 3006 1371 3078 haberi

333 3141 401 3214 pro
419 3116 615 3207 axiomata,
632 3130 744 3214 atque
762 3121 809 3193 ob
827 3120 923 3193 hanc
940 3120 1095 3193 fortasse
1113 3144 1261 3193 causam
1278 3121 1372 3192 veri-

333 3242 448 3306 tatem
461 3244 552 3306 atot
562 3233 758 3329 geometris
771 3234 935 3330 agnitam
947 3233 1096 3323 fuisse*‚
1109 3233 1177 3307 etsi
1190 3258 1213 3306 a
1226 3235 1372 3306 nemine

333 3345 511 3418 hactenus
528 3344 825 3421 demonstratam.

189 3446 193 3452 ’
386 3457 435 3531 Α.
461 3459 592 3555 Itaque
621 3456 815 3547 Wallisius,
846 3461 909 3556 qui
936 3461 989 3534 nil
1014 3471 1091 3534 tam
1118 3461 1265 3534 difficile
1295 3486 1373 3535 esse

334 3573 534 3647 arbitratus
550 3585 606 3647 est
620 3574 709 3670 quin
726 3599 794 3671 per
806 3587 923 3648 artem
937 3574 1157 3672 analyticam
1168 3575 1326 3648 inveniri
1337 3586 1372 3647 et

334 3686 427 3760 solvi
442 3699 578 3783 posset,
596 3699 786 3782 artemque
803 3688 1024 3783 analyticam
1047 3689 1140 3762 nihil
1166 3688 1267 3760 aliud
1294 3711 1372 3760 esse

335 3824 446 3897 quam
463 3801 726 3874 vocabulorum
743 3812 782 3872 et
805 3799 981 3874 orationis
999 3800 1080 3874 loeo
1102 3802 1199 3874 uotis
1224 3800 1372 3896 quibus·

336 3911 421 3987 dam
433 3914 551 4003 noviS,
562 3938 644 4010 quae
656 3923 792 3987 vocant
805 3912 982 4010 symbola,
996 3914 1286 3987 ratiocinationis
1297 3936 1371 3986 suae

335 4026 489 4122 vestigia
497 4026 896 4123 pingere,theoremeta
908 4025 989 4098 haec
999 4027 1143 4123 aliaque
1155 4026 1371 4113 difficiliora,

335 4161 417 4234 quae
433 4151 476 4212 ut
493 4151 595 4212 certa
607 4137 825 4233 jamdudum
855 4138 1219 4228 circumferebantur,
1238 4164 1332 4212 nova
1349 4164 1372 4212 a

708 4333 726 4369 ⁸
750 4327 800 4387 Sic
813 4327 891 4385 Edit.
911 4329 995 4386 1668.
