2946 5010
306 387 378 465 476
711 406 764 457 nn
788 405 938 457 Mnnrrs

114 596 278 639 arrasam.
306 596 395 668 ergo
413 571 564 662 Dent,
580 572 665 658 DX,
682 571 748 645 DF
770 573 946 645 continue
966 569 1308 667 proportionales:
1337 582 1375 645 et

121 665 263 701 ψ
306 684 376 773 nr,
395 684 467 759 nx
484 685 614 759 meuae
633 685 805 780 quaesttae.

357 798 396 870 Si
427 798 509 895 quis
539 799 577 870 in
609 798 678 871 hac
713 797 1024 871 demonstratione
1057 795 1373 892 propositionem

305 909 435 983 salsam
452 923 610 984 autnon
636 911 881 984 necessariam
905 909 1110 983 illationem
1135 909 1371 998 ostenderit,

306 1023 418 1097 modo
435 1023 604 1097 convitiis
621 1048 660 1097 se
677 1023 873 1112 abstineat,
895 1024 982 1116 (etsi
1005 1022 1096 1094 mihi
1118 1045 1234 1096 meus
1263 1046 1373 1097 error

307 1136 452 1232 placere
483 1161 558 1210 non
586 1138 738 1234 potest),
767 1137 916 1228 veritati
942 1148 1066 1209 tamen
1096 1134 1266 1209 studens
1294 1161 1371 1210 non

306 1249 431 1345 inique
447 1250 575 1323 feram.
628 1251 702 1324 Sed
725 1261 767 1323 ut
795 1274 839 1323 eo
866 1249 983 1322 solum
1013 1249 1166 1322 nomine
1190 1273 1371 1340 accuser,

307 1362 406 1459 quod
432 1377 629 1460 postquam
657 1364 706 1437 ad
733 1363 1045 1437 constructionem
1073 1363 1369 1458 assumpsissem

306 1475 465 1549 mediam
483 1477 794 1573 proportionalem
813 1477 910 1549 inter
933 1488 1127 1562 extremae,
1153 1475 1372 1552 medietate

307 1589 370 1662 illa
386 1613 461 1663 non
479 1614 560 1663 sum
577 1614 675 1677 usus,
692 1590 858 1687 iniquum
876 1602 943 1662 est.
996 1589 1133 1662 Dicant
1151 1588 1290 1677 velim,
1306 1590 1372 1665 illa

306 1703 434 1798 regula
451 1727 474 1776 a
490 1728 564 1799 quo
582 1705 758 1799 magistro
784 1703 912 1799 logicen
934 1702 1100 1798 prosecta
1118 1712 1190 1790 est,
1213 1715 1262 1776 ut
1282 1729 1372 1778 cum

307 1817 484 1912 magistro
515 1817 593 1912 ipso
619 1816 871 1890 controversia
899 1813 988 1886 mihi
1013 1814 1073 1886 sit.
1126 1813 1197 1887 Sin
1224 1817 1372 1892 nullius

307 1929 486 2025 magistri,
505 1929 570 2003 sed
592 1953 666 2002 suae
682 1930 844 2025 ipsorum
862 1927 1067 2025 prudentiae
1084 1925 1287 2003 dictamen
1307 1933 1371 2021 sit,

306 2043 501 2117 ostendant
529 2067 609 2116 esse
636 2043 838 2116 infallibile.
892 2040 1002 2117 Quod
1029 2040 1156 2112 dicant
1188 2042 1279 2115 sine
1306 2070 1372 2119 ex-

306 2157 426 2253 emplo
457 2181 548 2246 esse,
574 2156 666 2229 nihil
695 2180 842 2230 moror:
874 2179 1033 2251 quaeram
1061 2154 1161 2227 enim
1178 2157 1371 2250 vicissim,

306 2270 388 2366 quis
405 2270 475 2343 fuit
491 2270 553 2343 ille
571 2270 633 2366 qui
658 2269 730 2343 alia
755 2269 929 2343 methodo
960 2267 1260 2365 duplicationem
1280 2273 1371 2347 cubi

306 2382 582 2455 demonstravit.
650 2382 820 2456 Euclides
855 2381 988 2455 multas
1024 2381 1136 2453 habet
1172 2382 1218 2455 in
1256 2386 1371 2462 initio

303 2495 578 2568 Elementorum
608 2495 852 2583 definitiones
871 2496 1002 2590 quibus
1025 2508 1150 2567 tamen
1168 2519 1369 2596 nusquam

303 2609 431 2679 utitur.
477 2610 536 2680 An
556 2609 788 2680 definitiones
807 2609 853 2680 ad
877 2608 1218 2682 demonstrationes
1239 2615 1369 2688 minus

303 2722 515 2792 necessariae
534 2733 630 2807 sunt,
646 2746 754 2816 quam
774 2732 969 2816 assumpta.
1016 2720 1208 2815 Analytici
1231 2751 1368 2802 ornnes

303 2845 494 2903 assumunt
525 2833 662 2927 aliquid
687 2834 877 2926 ignotum3
905 2832 971 2904 etsi
999 2833 1044 2903 ab
1070 2833 1205 2926 ignoto
1235 2862 1369 2932 perse

303 2956 432 3014 notum
450 2945 528 3015 fieri
547 2945 637 3016 nihil
664 2958 809 3040 potest:
838 2946 902 3017 sed
921 2970 989 3040 ope
1009 2945 1165 3016 aliorum
1188 2972 1369 3051 praecog.

303 3057 463 3128 nitorum
494 3060 721 3153 problemata
746 3060 862 3131 multa
888 3073 953 3130 aut
982 3059 1139 3147 solvunt,
1169 3075 1243 3135 aut
1273 3069 1369 3142 solvi

303 3194 378 3242 non
396 3196 503 3266 posse
523 3173 787 3246 demonstrant.
832 3175 890 3245 An
905 3197 1031 3244 verum
1046 3174 1215 3267 positum
1236 3183 1370 3256 minus

303 3284 449 3374 valebit,
469 3312 578 3381 quam
596 3312 662 3382 pro
681 3312 767 3359 vero
797 3287 1024 3382 suppositum
1048 3286 1205 3361 dubium
1226 3292 1240 3363 i
1300 3298 1370 3370 Es.

303 3410 387 3469 rant
405 3400 466 3492 qui
485 3401 536 3470 sic
564 3401 736 3472 sentiunt.
789 3402 923 3471 Verum
949 3401 1045 3471 enim
1070 3413 1146 3471 tam
1166 3406 1228 3476 sui
1250 3433 1370 3504 quam

303 3511 384 3581 salsi
403 3511 512 3582 index
530 3525 597 3594 est,
615 3526 657 3582 ut
675 3537 697 3583 a
714 3537 786 3606 quo
805 3513 896 3584 nihil
914 3514 982 3584 nisi
1001 3537 1126 3583 verum
1147 3514 1370 3597 derivatur.

355 3624 428 3694 Sed
456 3648 501 3695 ne
530 3624 618 3716 quid
644 3625 854 3695 omittamus
873 3626 972 3719 quod
995 3626 1223 3719 problemati
1243 3639 1371 3711 nobili

302 3738 611 3832 perspecuitatem
639 3738 833 3809 allaturum
863 3739 1039 3822 videatur,
1065 3739 1229 3816 eandem
1262 3774 1371 3825 nunc

304 3850 577 3922 conclusionem
608 3852 653 3922 ab
682 3877 725 3922 eo
758 3853 836 3945 ipso
870 3852 1228 3946 demonstrabimus
1264 3866 1370 3959 quod

303 3978 406 4034 recta
431 3965 497 4035 ΑΟ
528 3965 675 4059 {equalis
706 3979 850 4058 sumpta
885 3966 932 4035 sit
960 3977 1069 4035 recta
1099 3965 1181 4055 DE,
1218 3972 1261 4046 id
1300 3993 1372 4069 est,

303 4077 434 4149 mediae
453 4077 718 4172 proportionali
737 4079 833 4148 inter
853 4092 1033 4149 extremas
1052 4079 1120 4149 AD
1140 4094 1183 4153 et
1203 4085 1298 4162 DV.

355 4190 528 4263 Sumatur
556 4192 592 4262 iu
624 4191 735 4264 latere
756 4190 821 4262 DC
840 4203 940 4264 recta
958 4190 1022 4263 DF
1041 4194 1199 4286 aequalis
1221 4201 1313 4296 DV,
1334 4221 1372 4281 ct
