2946 5010
476 418 812 472 nuonnnuannru.
1092 404 1164 470 465

123 587 198 676 alii,
219 586 409 659 convitiati
430 599 528 676 sunt,
547 612 630 684 quae
653 611 763 661 causa
787 609 866 661 csse
886 587 1028 683 potnit?
1082 586 1166 660 Quo
1194 615 1262 656 cir.
1279 616 1367 656 ιιιιιιι.

123 699 201 774 laesi
215 699 408 772 fecerunt?
461 698 730 796 Paralogismus
749 724 852 773 meus
865 699 1042 773 damnum
1059 711 1165 772 tuum
1181 687 1350 803 ΒΜ

123 839 199 887 non
217 825 284 886 est.
337 813 445 886 Unde
463 815 576 909 igitur
597 814 661 886 irae
679 812 810 886 tantae?
862 814 922 885 An
940 812 1059 885 aneio
1078 807 1382 923 honifffflffi

124 927 341 1013 communie,
372 927 546 1000 nimirum
579 951 638 999 ne*
657 939 955 1022 corrumperetur
989 925 1166 1021 paulatim
1179 948 1221 986 etc-

126 1039 406 1114 mathematica?
459 1040 610 1114 Utinam
629 1040 778 1136 quidem
801 1040 872 1113 illis
890 1039 1060 1112 omnibns
1078 1062 1178 1112 cura·

125 1153 213 1226 boni
230 1154 442 1228 communis.
453 1166 557 1227 tanta
569 1166 677 1243 esset,
691 1168 732 1228 ut
746 1153 1000 1227 nihilomnino
1014 1151 1178 1225 inlibris

124 1266 205 1340 falsi
223 1279 437 1362 paterentur
453 1290 531 1340 esse
549 1267 627 1340 sine
644 1266 908 1340 confutatione.
954 1265 1027 1339 Sed
1044 1265 1097 1338 ita
1112 1275 1169 1339 est

124 1380 248 1468 homo,
259 1380 329 1453 nisi
346 1392 534 1476 praecepta
550 1403 638 1452 vera
654 1379 897 1474 philosophiae
915 1377 1063 1450 moralis
1081 1392 1168 1451 ante

126 1493 308 1578 didicerit,
319 1507 362 1566 ut
379 1493 514 1565 famam
533 1505 596 1566 aut
613 1492 756 1566 lucrum
774 1491 960 1588 primario,
974 1491 1169 1563 veritatem

126 1605 344 1680 secundario
362 1618 524 1703 appetat.
566 1605 657 1678 Inde
675 1617 731 1678 est
748 1604 847 1702 quod
863 1606 1069 1677 irascantur
1085 1603 1168 1693 illis,

127 1742 285 1814 quorum
306 1718 488 1791 industria
509 1717 623 1790 nimia
640 1718 805 1792 veritatis
827 1718 889 1790 lux
906 1717 1079 1790 infertur:
1098 1741 1170 1814 qua

127 1844 294 1927 patescat
328 1832 509 1917 omnibus,
539 1831 704 1927 quantuli
734 1832 803 1903 riri
838 1842 926 1904 sunt
952 1831 1015 1926 qui
1041 1829 1171 1904 volunt

127 1944 255 2017 haberi
274 1944 435 2017 maximi.
486 1945 566 2039 Ego
585 1943 707 2040 aliqua
724 1943 872 2039 quidem
890 1946 927 2016 in
954 1943 1096 2016 Euclidi
1115 1967 1171 2016 re·

128 2056 319 2152 prehendi,
346 2082 421 2130 non
447 2069 570 2130 tamen
595 2057 767 2130 utillum
791 2081 865 2130 non
891 2070 1017 2153 putem
1046 2058 1169 2150 magni

128 2170 339 2244 iaciendum
368 2194 459 2256 esse,
478 2171 541 2267 qui
565 2171 800 2244 scientiarum
827 2169 1170 2242 mathematicorum

128 2283 393 2357 tradendarum
412 2283 625 2357 methodum
645 2284 785 2378 primus
802 2282 967 2356 tradidit.
1004 2281 1106 2354 Nihil
1123 2283 1169 2354 ab

128 2396 350 2470 Archimede
365 2398 504 2471 editum
519 2421 594 2469 nou
608 2396 729 2468 laudo,
752 2396 953 2469 Consilium
968 2394 1057 2466 mihi
1069 2394 1170 2468 aliud

130 2533 205 2581 non
226 2524 295 2598 cst,
314 2535 423 2606 quam
447 2508 689 2582 arithmeticae
713 2524 750 2583 et
772 2508 932 2604 algehrae
958 2507 998 2579 in
1020 2506 1171 2579 demon-

130 2622 290 2696 strandis
315 2622 627 2719 propositionibus
651 2647 742 2718 pure
759 2621 994 2719 geometricis
1017 2620 1172 2694 abusum

129 2735 273 2826 tollere,
292 2736 321 2809 si
340 2748 506 2832 potuero.
558 2734 660 2807 Vale.
