2946 5010
306 394 383 462 220
525 406 796 462 uxaumarro
816 408 868 461 ur
887 406 1137 461 nmnuuarro

116 590 269 642 nrsroons
307 568 360 642 Fa
377 571 426 645 sit
442 572 490 645 ad
506 573 685 670 reliquam
698 586 742 646 ut
756 582 777 646 5
792 571 840 646 ad
855 581 890 663 3,
906 586 948 646 ut
964 575 1007 648 fit
1019 573 1058 647 in
1069 574 1353 671 semiparabola;

118 680 263 786 „L
305 706 376 759 nec
393 686 540 774 mirum,
558 711 644 760 eum
665 688 760 760 ratio
780 687 887 761 solidi
910 688 1088 784 propositi
1105 688 1154 760 sit
1171 687 1220 761 ad
1245 712 1354 762 suum

305 799 617 896 complementum
633 800 761 874 eadem
775 824 858 896 quae
875 800 976 896 plani
994 802 1286 898 semiparabolici
1303 804 1354 877 ad

304 914 614 1010 complementum
627 938 745 987 suum.
791 915 975 987 Caeterum
993 913 1066 988 BD
1080 939 1155 988 non
1174 915 1353 990 dividitur

303 1025 344 1100 iu
361 1034 384 1099 3
402 1026 452 1100 ad
467 1036 504 1116 2,
530 1040 572 1100 ut
602 1026 781 1101 diameter
815 1027 1104 1124 semiparabolae.
1156 1028 1268 1125 CuJus
1295 1030 1351 1103 rei

303 1163 451 1214 causam
469 1165 545 1215 non
563 1140 683 1214 video.

353 1254 404 1328 A.
430 1255 564 1352 Neque
581 1279 672 1351 ego;
699 1252 764 1328 sed
782 1278 901 1350 neque
915 1277 1029 1350 quare
1042 1254 1096 1327 ita
1108 1278 1188 1327 esse
1203 1252 1348 1328 debeat.

301 1368 359 1441 Ex
375 1368 432 1456 iis,
452 1391 535 1463 quae
561 1367 812 1441 demonstrata
829 1380 917 1440 sunt
934 1366 980 1440 de
1008 1367 1150 1440 ratione
1167 1368 1349 1463 propositi

301 1482 420 1571 solidi,
434 1482 523 1555 facti
540 1506 563 1554 a
580 1481 819 1555 conversione
841 1480 920 1575 ejus
937 1480 1037 1553 circa
1053 1480 1178 1552 basem
1195 1478 1280 1567 FD,
1298 1481 1348 1554 ad

301 1595 460 1669 solidum
470 1595 643 1668 factuma
660 1593 769 1666 simili
783 1593 1023 1666 conversione
1040 1592 1245 1688 rectanguli
1257 1590 1345 1683 DG,

299 1722 338 1783 ct
357 1707 402 1782 de
420 1708 556 1782 centris
572 1707 764 1804 gravitatis
786 1707 961 1803 ipsorum,
980 1706 1174 1779 methodus
1191 1719 1346 1802 apparet

297 1821 508 1895 inveniendi
519 1822 702 1897 rationem
720 1820 827 1894 solidi
838 1819 928 1893 facti
939 1820 1211 1893 aeonversione
1224 1821 1346 1915 cujus·

296 1936 387 2010 libet
404 1937 520 2033 partis
537 1938 616 2031 ejus
633 1935 803 2008 abscissae
817 1959 840 2007 a
849 1933 1024 2031 parallelo
1034 1933 1239 2008 altitudinis
1253 1958 1344 2030 qua-

294 2073 453 2146 cunque.
505 2049 603 2122 Nam
631 2047 661 2121 si
685 2047 836 2143 planum
867 2046 1079 2143 cycloidale‚
1109 2047 1213 2142 cujus
1244 2048 1343 2122 basis

295 2162 471 2259 (exempli
488 2165 614 2253 causa)
635 2174 693 2233 est
711 2161 745 2232 A
741 2158 785 2256 s,
811 2171 1050 2233 convertatur
1076 2182 1186 2255 super
1216 2161 1342 2234 basem

293 2299 397 2349 suam
415 2277 449 2348 A
446 2274 489 2372 s,
515 2286 618 2348 recta
630 2272 780 2371 quidem
797 2272 869 2346 AB
888 2271 1071 2345 describet
1097 2273 1341 2369 quadrantem

292 2388 489 2484 integrum,
518 2387 667 2483 reliquae
692 2398 816 2458 autem
836 2385 905 2480 ipsi
929 2384 1113 2480 parallelae
1132 2385 1341 2461 describent

290 2525 398 2574 arcus
415 2500 661 2597 quadrantum
677 2500 838 2570 minores
856 2522 1000 2594 semper
1011 2498 1049 2570 in
1064 2500 1207 2572 ratione
1225 2501 1341 2573 arith-

288 2615 435 2703 metica,
455 2613 572 2686 donec
600 2613 638 2685 in
666 2623 803 2708 puncto
818 2610 859 2707 f
874 2611 1102 2684 describatur
1127 2613 1230 2685 nihil.
1282 2616 1339 2687 Ex

289 2752 373 2823 quo,
388 2740 430 2800 ut
443 2739 541 2814 ante,
553 2727 732 2799 inferetur
743 2724 899 2798 solidum
912 2725 1052 2797 factum
1064 2752 1085 2799 a
1099 2728 1337 2801 conversione

286 2840 388 2936 plani
413 2840 625 2935 cycloidalis
650 2840 720 2911 AB
717 2838 758 2935 f
785 2862 894 2933 super
922 2840 1047 2911 basem
1078 2842 1109 2912 Α
1108 2841 1152 2936 f,
1184 2840 1337 2935 duplum

287 2976 366 3026 esse
385 2953 492 3026 solidi
520 2953 619 3048 quod
643 2953 726 3025 fita
753 2951 862 3023 simili
892 2953 1131 3025 conversione
1160 2955 1336 3049 trianguli

272 3065 313 3161 f
318 3066 402 3138 AB.
455 3065 694 3161 Cognitisque
713 3063 1008 3158 magnitudinum
1035 3065 1251 3155 rationibus
1279 3068 1335 3139 in-

285 3179 492 3268 venientur,
511 3192 554 3251 ut
571 3192 671 3266 ante,
690 3200 818 3249 eorum
836 3188 964 3249 centra
980 3179 1186 3273 gravitatis.

629 3401 879 3454 PROPOSITIO
900 3402 993 3453 XXI.

290 3538 293 3545 '
336 3519 502 3594 Solidum
529 3519 668 3593 factum
694 3544 717 3592 a
744 3520 984 3592 conversione
1019 3523 1226 3618 rectanguli
1254 3521 1332 3597 DG

283 3657 351 3730 per
379 3634 622 3729 quadrantem
650 3633 791 3720 circuli,
822 3633 920 3703 circa
953 3632 1173 3706 diametrum
1204 3636 1333 3707 circuli

284 3748 462 3843 genitoris
497 3746 583 3836 DB,
616 3749 716 3841 (quae
745 3759 801 3818 est
830 3744 986 3840 cylindri
1019 3747 1132 3820 totius
1163 3749 1215 3821 sic
1243 3750 1331 3822 facti

284 3861 471 3954 altitudo),
507 3874 562 3933 est
592 3860 639 3932 ad
674 3859 831 3932 solidum
863 3859 1002 3931 factum
1034 3885 1057 3933 a
1091 3863 1330 3935 conversione

284 3975 448 4070 ejusdem
467 3973 672 4068 rectanguli
690 3968 766 4046 DG
782 3972 881 4044 circa
894 3987 1034 4045 rectam
1050 3973 1135 4064 DF,
1158 3976 1254 4070 (quae
1273 3987 1330 4047 est

284 4087 440 4182 cylindri
458 4087 566 4182 hujus
584 4084 773 4177 altitudo),
798 4095 841 4157 ut
867 4083 938 4157 DF
966 4086 1014 4159 ad
1042 4087 1138 4160 illius
1163 4087 1330 4160 altitudi-

283 4222 369 4270 nem
386 4198 471 4272 DB.

335 4312 430 4384 Sunt
447 4312 544 4385 enim
564 4312 720 4409 cylindri
738 4312 833 4385 inter
850 4334 889 4383 se
908 4311 945 4383 in
963 4312 1105 4385 ratione
1124 4314 1328 4409 composita
