2946 5010
503 427 557 478 nn
577 427 747 481 nerunt
766 427 903 479 rums.
1151 414 1223 479 255

180 591 277 663 forte
311 590 568 680 concedamus,
604 592 703 689 quod
738 592 1014 666 concedendum
1049 616 1125 665 uon
1157 603 1226 678 est,

180 703 320 776 moveri
347 727 453 798 posse
485 704 624 801 aliquid
650 729 673 778 a
700 705 832 801 seipso.
885 704 1100 800 Supponitis
1128 704 1226 777 enim

180 816 275 889 aeris
292 816 522 912 particulam,
538 842 621 914 quae
638 830 739 891 certe
757 817 844 891 dum
862 819 1044 915 premitur
1060 819 1225 914 quiescit,

180 928 228 1002 ad
262 929 319 1003 sui
348 931 619 1003 restitutionem
649 934 800 1020 moveri,
828 932 968 1005 nullam
997 931 1227 1027 assignantes

179 1045 264 1117 talis
283 1055 403 1118 motus
420 1067 579 1133 causam,
594 1058 730 1140 praeter
745 1046 847 1119 illam
864 1047 982 1142 ipsam
995 1043 1225 1140 particulam.

230 1159 279 1230 B.
307 1158 415 1230 Nosti
432 1159 724 1254 experimentum
740 1158 832 1232 illud
849 1158 896 1232 de
911 1182 1029 1232 vacuo
1046 1156 1227 1231 Torricel·

179 1270 330 1343 lianum.
383 1269 598 1367 Cylindrum
615 1297 758 1361 cavum,
775 1273 946 1361 vitreum,
964 1272 1011 1344 ab
1029 1295 1106 1345 una
1120 1281 1226 1368 parte

180 1394 350 1457 accurate
368 1383 543 1474 clausum,
562 1386 608 1458 ab
640 1385 756 1459 altera
780 1395 886 1481 parte
910 1397 1091 1481 apertum,
1108 1384 1227 1481 reple-

180 1509 260 1569 tum
288 1508 442 1592 argento
460 1498 543 1571 vivo
571 1499 760 1572 invertunt
783 1499 1080 1593 immerguntque
1105 1497 1145 1570 in
1162 1521 1227 1571 vas

180 1621 361 1704 apertum,
379 1609 418 1681 in
442 1633 515 1705 quo
532 1634 617 1683 vase
635 1611 846 1683 continetur
863 1611 974 1683 etiam
991 1610 1136 1705 argenti
1153 1610 1227 1683 vivi

180 1733 359 1817 quantum
387 1745 478 1816 opus
509 1734 566 1794 est
599 1721 648 1795 ad
678 1746 719 1795 os
752 1723 908 1819 cylindri
942 1721 1225 1817 contegendum.

181 1836 311 1930 Itaque
337 1847 534 1929 argentum
564 1834 688 1907 vivum
724 1834 915 1908 descendit
942 1857 962 1906 e
986 1833 1153 1930 cylindro
1187 1835 1226 1907 iu

178 1947 385 2043 subjectum
398 1971 474 2019 vas.
515 1947 647 2020 Nonne
662 1972 750 2044 ergo
764 1949 933 2045 spatium,
946 1946 1045 2044 quod
1062 1947 1100 2019 in
1113 1947 1225 2044 cylin-

180 2059 248 2134 dro
266 2060 313 2133 ab
330 2071 485 2156 argento
499 2060 583 2133 vivo
607 2060 799 2149 deseritur,
827 2061 1032 2134 remanebit
1044 2061 1225 2133 vacnum?

230 2176 278 2246 A.
308 2174 394 2247 Non
412 2185 467 2247 est
484 2199 646 2247 necesse.
700 2175 738 2248 si
756 2174 968 2248 infandum
982 2198 1097 2269 usque
1115 2173 1226 2247 maris

175 2288 300 2360 vesica
334 2286 554 2361 detrudatur
587 2287 696 2384 plena
730 2287 837 2377 aeris,
867 2300 979 2383 atque
1013 2287 1087 2360 illie
1117 2299 1227 2382 rupta

179 2400 319 2472 exitum
346 2402 528 2496 praeberet
552 2402 651 2484 aeri;
677 2411 832 2495 putasne
860 2423 984 2473 aerem
1008 2400 1123 2489 illum,
1147 2400 1225 2496 jam

178 2512 346 2601 liberum,
364 2513 403 2585 in
433 2513 548 2587 fundo
579 2514 690 2586 maris
716 2537 942 2601 mansurum,
961 2537 1008 2586 an
1026 2513 1150 2609 potius
1167 2537 1224 2587 as·

178 2648 376 2698 sensurum
393 2650 471 2699 esse
489 2626 537 2699 ad
554 2627 782 2723 superficiem
801 2625 933 2721 aquae?

228 2738 276 2808 B.
305 2738 491 2813 Ascendet
504 2740 670 2835 profecto
689 2740 881 2814 manifeste
898 2739 1087 2814 ebulliens.

228 2847 274 2922 Α.
303 2851 427 2925 Quare
446 2854 596 2926 autem?
648 2852 736 2926 Noli
765 2853 856 2926 mihi
886 2877 985 2925 nuno
1003 2853 1055 2926 sic
1072 2876 1224 2949 respon-

180 2962 277 3053 dere,
289 2987 421 3061 nempe
437 2966 604 3039 accidere
620 2966 703 3054 hoe,
718 2967 804 3061 quia
822 2966 942 3038 minus
960 2978 1017 3039 est
1034 2989 1097 3039 aer
1115 2990 1225 3062 quam

178 3100 275 3173 aqua
290 3079 414 3173 gravis
430 3108 438 3150 :
457 3079 521 3152 sed
536 3080 689 3152 ostende
706 3103 729 3152 a
747 3104 818 3176 quo
837 3089 992 3167 motore‚
1011 3102 1224 3174 percorpus

178 3213 295 3283 aquae,
313 3191 434 3264 minus
451 3192 585 3264 mobile
613 3215 722 3288 quam
740 3204 796 3264 est
813 3192 892 3288 ipse
919 3212 994 3280 aer,
1012 3202 1223 3286 penetrans,

178 3302 275 3374 istuc
291 3303 420 3376 fertur.

231 3414 280 3487 B.
306 3415 415 3508 Aqua
445 3415 615 3487 deorsum
643 3425 798 3488 conatur
824 3414 939 3488 multo
970 3412 1086 3508 magis
1113 3436 1223 3509 quam

178 3551 253 3601 aer.
305 3528 464 3600 Necesse
491 3551 579 3623 ergo
607 3540 673 3616 est,
691 3538 734 3600 ut
752 3528 842 3602 mihi
858 3527 989 3600 saltem
1005 3525 1163 3614 videtur,
1180 3538 1225 3599 ut

178 3666 275 3735 aqua
291 3665 357 3736 per
375 3652 548 3714 conatum
568 3664 677 3736 quem
703 3640 814 3715 habet
836 3641 883 3714 ad
909 3651 1078 3715 centrum
1101 3650 1222 3730 terrae,

179 3757 355 3851 majorem
387 3778 496 3850 quam
525 3754 636 3827 habet
663 3778 737 3842 aer,
763 3777 885 3828 aerem
914 3765 1071 3849 premat,
1097 3762 1136 3825 et
1160 3776 1224 3825 aer

177 3891 325 3964 pressus
353 3867 508 3941 fundum
531 3879 686 3964 premat,
705 3880 744 3941 et
763 3866 899 3939 fundus
926 3888 1073 3962 pressus
1100 3889 1223 3939 aerem

178 3980 414 4077 repercutiat,
431 3992 537 4054 tanto
564 3993 700 4055 conatu
727 3992 769 4053 ut
793 4003 926 4076 aquam
950 3978 1140 4051 dimovens
1157 4002 1222 4052 ne-

179 4095 337 4167 cessario
356 4107 531 4190 emergat.

230 4208 279 4280 A.
308 4207 408 4281 Quid
425 4207 456 4279 si
473 4208 511 4279 in
529 4230 613 4280 vase
631 4207 756 4280 clauso
774 4230 868 4302 aqua
881 4203 1032 4278 inferior
1049 4205 1221 4295 existens,

177 4341 305 4393 versus
322 4342 457 4408 aerem,
475 4342 585 4415 super
606 4319 728 4415 ipsum
745 4318 976 4406 existentem,
994 4331 1221 4414 supponatur
