2946 5010
108 617 178 659 CAP.
194 619 239 661 111.

104 687 248 721 κ-γ-ν

117 745 152 790 Da
161 760 238 792 vacuo.

291 412 364 479 318
565 427 843 481 naoannmnra
861 428 1054 485 narnien.

341 592 390 666 B.
419 593 458 666 Si
476 592 550 667 duo
566 593 688 689 plana,
706 593 810 682 dura,
828 595 943 690 polita
964 619 1133 692 corpora,
1160 606 1202 669 ut
1230 620 1329 670 mar·

289 727 404 794 mora,
447 705 674 779 collocentur
711 729 826 779 unum
860 730 971 803 supra
1002 708 1169 796 alterum,
1200 708 1253 781 ita
1286 720 1329 781 ut

288 841 415 891 eorum
455 819 664 914 superficies
701 841 740 891 se
773 831 902 893 mutuo
935 843 1001 916 per
1034 820 1158 892 omnia
1191 832 1329 915 puncta

289 942 429 1020 exacte,
445 942 623 1026 quantum
648 931 728 1004 fieri
748 943 883 1027 potest,
902 933 1143 1028 contingant:
1170 932 1233 1006 illa
1250 934 1327 1007 sine

288 1067 423 1140 magna
436 1044 651 1118 difficultate
668 1044 720 1118 ita
734 1044 858 1117 divelli
870 1069 946 1119 non
959 1059 1126 1143 possunt,
1145 1057 1185 1118 ut
1198 1047 1328 1120 eodem

287 1158 448 1231 instante
464 1181 531 1254 pet
553 1158 678 1231 omnia
699 1170 839 1255 puncta
864 1158 1093 1232 dirimantur.
1144 1158 1326 1232 Verunta-

287 1293 372 1343 men
389 1293 572 1343 marmora
594 1271 733 1357 eadem,
763 1271 796 1343 si
818 1272 1020 1345 communis
1050 1295 1176 1346 eorum
1203 1295 1328 1367 super-

287 1383 389 1457 ficies
405 1382 453 1455 ad
469 1383 699 1457 horizontem
717 1383 891 1480 erigatur,
909 1394 974 1457 aut
995 1407 1070 1456 non
1092 1383 1199 1456 valde
1221 1383 1327 1456 incli-

286 1507 420 1569 netur:
447 1495 604 1569 alterum
620 1497 667 1569 ab
688 1496 805 1569 altero
822 1495 1005 1586 facillime,
1032 1509 1075 1569 ut
1103 1496 1186 1585 scis,
1214 1496 1326 1569 etiam

286 1608 364 1682 solo
379 1609 543 1706 pondere
560 1609 779 1683 dilabentur.
832 1609 966 1684 Nonne
994 1634 1104 1683 causa
1132 1611 1241 1705 hujus
1271 1610 1326 1682 rei

285 1721 366 1797 haec
390 1735 467 1796 est:
500 1722 599 1819 quod
624 1722 763 1796 labenti
790 1723 963 1796 marmori
990 1722 1153 1796 succedit
1182 1746 1256 1809 aer,
1286 1735 1325 1800 ct

285 1836 454 1909 relictum
471 1836 591 1909 locum
610 1859 754 1931 semper
770 1835 899 1931 implet
917 1835 930 1907 i

335 1948 382 2024 A.
409 1948 628 2022 Certissima.
674 1947 773 2024 Quid
791 1948 904 2045 ergo?

335 2060 382 2133 B.
410 2060 569 2137 Quando
593 2084 680 2135 vero
705 2059 833 2134 cadem
864 2085 937 2135 uno
964 2061 1125 2134 instante
1153 2059 1323 2134 divellere

285 2174 439 2263 coneric,
474 2198 598 2248 nonne
628 2175 745 2248 multo
773 2175 891 2269 major
920 2175 974 2247 vis
1002 2172 1210 2247 adhibenda
1239 2173 1322 2247 est?

285 2287 407 2361 Quam
424 2288 471 2361 ob
490 2288 663 2361 causam?

334 2400 383 2473 Α.
411 2400 502 2496 Ego,
517 2410 555 2472 et
571 2423 716 2473 mecum
731 2410 821 2495 puto
838 2423 964 2473 omncs
978 2422 1125 2472 causam
1143 2409 1321 2488 statuunt,

283 2513 382 2608 quod
399 2513 556 2608 spatium
575 2525 693 2585 totum
712 2512 809 2584 inter
827 2512 899 2586 duo
910 2513 972 2586 illa
986 2534 1169 2584 marmora
1181 2512 1323 2585 divulsa

284 2626 390 2697 simul
408 2650 482 2696 nno
500 2625 659 2696 instante
677 2625 826 2721 implere
844 2650 906 2699 aer
923 2651 998 2699 non
1015 2637 1149 2722 potest,
1165 2637 1321 2721 quanta-

285 2761 427 2832 cunque
445 2736 632 2808 celeritate
651 2738 715 2808 fiat
734 2737 900 2811 divulsio.

332 2851 380 2923 B.
407 2854 466 2922 An
484 2851 546 2945 qui
564 2851 682 2946 spatia
700 2851 737 2922 in
756 2875 838 2924 aere
854 2852 932 2924 dari
949 2874 1064 2923 vacua
1080 2851 1318 2938 contendunt,

282 2964 321 3036 in
337 2965 399 3037 illo
417 2989 501 3037 aere
518 2964 596 3037 solo
616 2964 695 3036 dari
712 2977 848 3059 negant
865 2965 927 3061 qui
944 2988 1126 3037 marmora
1146 2964 1209 3037 illa
1231 2990 1319 3037 con-

277 3079 407 3173 juncta
424 3077 638 3150 circundat?

330 3192 379 3262 A.
407 3191 572 3279 Minime,
591 3192 655 3263 sed
672 3192 806 3288 ubique
825 3192 1057 3285 interspersa.

329 3301 376 3375 B.
400 3305 496 3376 Dum
522 3328 610 3400 ergo
631 3304 684 3376 illi
710 3306 772 3401 qui
798 3327 958 3377 marmor
983 3326 1097 3374 unum
1129 3305 1174 3375 ab
1202 3303 1317 3376 altero

279 3416 494 3488 revellentes
511 3441 633 3488 aerem
658 3419 914 3514 comprimunt,
938 3429 976 3489 et
1000 3439 1066 3511 per
1092 3441 1317 3512 consequens

278 3552 434 3600 vacuum
452 3530 673 3624 exprimunt,
691 3553 846 3601 vacuum
863 3528 1002 3601 faciunt
1026 3528 1147 3600 locum
1175 3553 1239 3624 per
1263 3554 1317 3601 re-

278 3642 480 3714 vulsioncm
510 3643 701 3714 relictum:
733 3643 834 3715 nulla
864 3666 951 3736 ergo
981 3643 1218 3738 separationis
1247 3643 1316 3713 erit

279 3755 484 3840 difficultas,
508 3755 637 3826 saltem
662 3780 736 3827 non
763 3756 878 3850 major
905 3779 1014 3850 qnam
1039 3767 1094 3827 est
1124 3755 1316 3827 difficultas

279 3892 433 3964 corpora
450 3867 578 3940 eadem
597 3868 766 3940 movendi
784 3868 821 3939 in
841 3891 924 3939 aere
938 3881 1130 3964 postquam
1149 3877 1315 3961 separata

277 3981 424 4054 fuerint.
452 3982 581 4076 ltaque
595 3982 779 4076 quoniam,
793 4006 967 4054 concesso
981 4006 1107 4067 vacuo,
1121 3981 1315 4053 difficultas

277 4119 459 4167 marmora
487 4095 549 4167 illa
579 4095 774 4167 dirimendi
804 4096 905 4168 nulla
934 4107 1010 4168 est:
1046 4095 1219 4189 sequitur,
1249 4117 1314 4188 per

277 4206 501 4278 difficultatis
519 4207 793 4301 experientiam,
812 4207 950 4279 nullum
971 4231 1048 4279 esse
1065 4231 1233 4278 vacuum.

325 4321 372 4392 Α.
401 4321 514 4392 Recte
549 4320 696 4414 quidem
731 4321 821 4392 illud
849 4321 970 4394 infers
1028 4320 1159 4392 Mundi
1189 4329 1312 4391 antem
