2946 5010
472 425 808 479 auomnrnsnnm.
1086 409 1162 475 429

173 599 243 672 Per
260 597 507 671 definitionem
527 600 693 696 quintam
708 599 823 672 Elem.
838 623 875 686 v,
888 622 971 695 quae
987 599 1068 672 haeo
1087 610 1163 672 est:
1207 615 1276 657 ona.
1291 615 1343 656 η·

122 710 316 784 Rationem
339 710 472 784 tabere
493 710 649 784 interos
678 710 953 809 magnitudines
977 711 1163 800 dicontur,
1194 685 1358 787 nim-it}

123 850 202 923 quse
222 834 383 922 possunt
409 823 661 922 multiplicato
690 848 773 898 sese
803 833 925 897 mutuo
954 847 1138 923 superare
1151 850 1164 896 .·
1194 806 1287 852 ⁰⁶¹⁰&

123 931 282 1034 explicat
298 937 482 1022 Euclides,
498 948 541 1009 ut
569 949 670 1011 reete
696 936 787 1009 dicit
813 936 972 1026 Clavius,
990 935 1166 1032 quidnam

122 1051 312 1147 requirant
329 1050 412 1123 duae
439 1050 664 1146 quantitates
688 1049 851 1145 ejusdem
883 1049 1032 1147 generis
1048 1060 1091 1121 ut
1108 1073 1167 1121 ra-

124 1164 260 1237 tionem
292 1163 462 1236 dieantur
490 1163 639 1253 habere,
668 1185 811 1259 nempe,
843 1163 874 1236 si
903 1188 978 1237 non
1006 1164 1168 1237 habeant

122 1276 219 1349 hano
237 1275 486 1349 conditionem
511 1288 551 1348 ut
574 1275 691 1349 altera
719 1276 836 1372 possit
852 1276 1097 1372 multiplicata
1114 1276 1167 1349 al-

124 1401 242 1462 teram
259 1410 444 1485 superare,
462 1411 538 1460 non
552 1411 629 1460 esse
642 1388 724 1460 illas
740 1411 860 1485 neque
874 1388 1038 1487 ejusdem
1054 1412 1167 1485 gene-

124 1502 187 1590 ris,
205 1524 325 1597 neque
342 1500 477 1573 habere
494 1500 591 1573 inter
608 1524 648 1574 se
665 1501 857 1574 rationem.

175 1613 284 1689 Unde
297 1612 531 1686 manifestum
545 1625 612 1702 est,
624 1613 754 1709 primo,
768 1612 914 1701 lineam,
925 1614 1165 1711 superficiem,

125 1738 164 1799 et
181 1726 336 1800 solidum
354 1748 433 1799 esse
452 1725 596 1799 diversa
612 1748 761 1820 genera,
779 1728 838 1800 vel
863 1727 988 1823 potius
1006 1726 1166 1801 diversas

126 1839 265 1936 species
281 1837 508 1934 quantitatis.
548 1837 660 1910 Nulla
677 1838 775 1911 enim
792 1839 923 1912 harum
934 1841 1166 1936 quantumvis

126 1951 370 2046 multiplicata
387 1951 541 2024 alteram
558 1951 756 2046 superabit.

178 2062 359 2152 Secundo,
378 2063 533 2159 angulus
561 2063 707 2160 genitus
733 2088 778 2136 ex
805 2075 908 2137 motu
931 2063 1111 2155 circulari,
1129 2079 1166 2140 et

127 2176 283 2272 angulus
313 2188 516 2265 contaetus,
547 2175 700 2251 diversae
732 2188 818 2250 sunt
849 2178 989 2274 species
1020 2180 1167 2273 quanti-

128 2289 229 2361 tatis,
269 2288 437 2384 Augulus
454 2291 552 2362 enim
570 2302 762 2364 contaetus
779 2290 880 2364 nulla
897 2316 1060 2389 unquam
1077 2293 1168 2365 mul-

127 2402 359 2498 tiplicatione
385 2403 572 2497 superabit
602 2404 775 2500 angulum
804 2404 972 2501 genitum
995 2429 1041 2478 ex
1064 2416 1169 2478 motu

129 2516 309 2589 circulari.

178 2630 316 2719 Tertio,
335 2630 429 2703 ratio
446 2630 596 2728 majoris
622 2631 670 2704 ad
699 2632 832 2718 minus,
851 2643 888 2705 et
905 2631 1001 2706 ratio
1019 2630 1170 2704 minoris

129 2743 177 2816 ad
204 2747 334 2841 majus,
351 2756 438 2817 sunt
456 2743 608 2819 diversae
626 2747 765 2842 species
792 2745 1020 2842 quantitatis.
1072 2744 1170 2817 Nam

129 2856 224 2929 ratio
254 2857 406 2931 minoris
435 2856 483 2930 ad
504 2858 636 2954 majuS,
655 2870 794 2954 quanto
813 2857 930 2954 magis
948 2856 1168 2953 multiplica-

130 2980 202 3057 tur,
220 2981 325 3044 tanto
344 2995 489 3068 semper
506 2971 627 3045 minor
644 2983 712 3045 est.

555 3468 660 3541 CAP.
686 3467 789 3543 XVI.

317 3640 446 3693 ΕΤΙΑΜ
467 3641 521 3693 DE
541 3641 765 3696 RATIONUM
787 3642 985 3697 caucum.

134 3759 333 3849 Cnnvrus,
351 3759 398 3832 ad
415 3783 520 3856 prop.
539 3769 600 3849 23,
617 3759 734 3834 Elem.
751 3761 799 3851 vi,
817 3761 926 3834 aliam
956 3760 1067 3833 habet
1094 3783 1170 3834 me-

131 3872 286 3946 thodum
314 3871 557 3968 componendi
585 3873 755 3947 rationes.
810 3874 893 3948 Sint
911 3872 993 3947 duae
1010 3872 1171 3947 rationes

132 3986 255 4060 6ad4
277 3998 315 4059 et
332 3996 354 4059 2
372 3986 420 4058 ad
438 3993 460 4058 8
479 3987 752 4082 componendae.
804 3989 884 4061 Fiat
901 3999 943 4062 ut
959 3997 981 4061 2
1000 3988 1048 4061 ad
1066 3995 1101 4076 8,
1118 3987 1173 4061 ita

133 4122 360 4196 consequens
384 4110 406 4171 4
428 4097 475 4172 ad
503 4099 612 4173 aliam
634 4109 697 4174 16:
724 4101 864 4198 eritque
895 4102 989 4176 ratio
1015 4100 1105 4175 6ad
1127 4109 1171 4175 16

133 4214 336 4311 composita
362 4237 407 4286 ex
424 4212 627 4286 rationibus
643 4221 667 4286 6
686 4213 768 4287 ad4
787 4226 825 4288 et
841 4224 863 4288 2
882 4214 930 4288 ad
951 4221 985 4287 8.
1038 4212 1171 4288 Positis

133 4327 230 4401 enim
260 4326 388 4400 ordine
419 4327 476 4399 his
505 4327 666 4401 numeris
695 4336 731 4418 6,
760 4337 796 4419 4,
829 4337 887 4420 16,
916 4329 1058 4426 priores
1087 4328 1171 4404 duae
