2946 5010
355 413 670 466 uurunuurrcra
691 414 935 466 normarum.
1053 427 1056 431 ·
1115 397 1164 476 97

122 580 245 654 minus
270 580 422 655 denotat
452 606 646 656 numerum
676 606 784 677 quem
814 583 1023 678 quaerimus,
1055 605 1166 677 quam
1203 606 1354 648 orunooos

122 693 230 768 litera
246 696 293 783 A,
311 696 370 768 vel
384 696 429 784 R,
447 697 504 769 vel
522 696 713 769 character
723 700 789 793 p?
832 696 909 769 Aut
926 696 1047 768 minus
1065 706 1167 768 recte
1208 688 1350 792 „2¹2⁴

124 806 291 880 dicemus
318 809 470 906 qaoesr‘tr'
488 809 721 906 quadratam,
739 832 849 905 quam
877 811 969 899 AA,
1000 810 1060 882 vel
1087 810 1168 906 Aq,

123 920 182 994 vel
195 917 268 993 A'?

173 1034 225 1106 B.
253 1032 327 1105 Sed
344 1032 491 1106 brevior
515 1045 572 1106 est
601 1035 752 1130 scriptio
780 1059 846 1132 per
872 1035 1017 1108 literam
1043 1058 1167 1123 unam,

124 1169 235 1243 qnam
251 1169 319 1242 per
332 1147 515 1242 integrum
533 1148 763 1221 vocabulum.

175 1259 225 1332 A.
255 1258 340 1332 Hoc
357 1260 504 1354 quidem
524 1259 688 1333 concedo
706 1261 775 1335 tibi
793 1264 838 1336 de
854 1262 1035 1335 brevitate
1053 1262 1168 1358 scrip-

123 1371 249 1459 tionis,
264 1394 341 1443 non
366 1382 491 1444 autem
514 1371 560 1444 de
578 1372 756 1445 brevitate
785 1375 1055 1470 cogitatorum3
1083 1374 1170 1468 qnia

123 1509 201 1559 non
224 1485 456 1558 characteres
479 1485 560 1574 soli,
584 1508 653 1558 nec
671 1486 750 1559 sola
766 1489 889 1577 verba,
908 1487 973 1560 sed
996 1510 1054 1560 res
1081 1487 1169 1583 ipsae

123 1597 336 1695 cogitandae
354 1609 452 1686 sunt,
472 1621 555 1693 quae
572 1598 778 1672 abbreviari
791 1625 866 1675 non
884 1613 1050 1696 possunt.

176 1711 226 1784 B.
254 1709 391 1784 Nescio
408 1710 497 1806 quid
514 1711 769 1807 respondeam.

175 1824 225 1898 A.
253 1823 409 1913 Deinde,
437 1824 468 1896 si
494 1824 693 1897 necessitas
723 1825 786 1897 illa
812 1825 980 1897 absoluta
1006 1848 1080 1898 non
1108 1824 1168 1911 sit,

123 1936 190 2011 sed
208 1961 254 2010 ex
271 1937 462 2033 supposita
484 1936 674 2027 brevitate,
693 1938 782 2034 qnid
807 1937 906 2010 dices
934 1936 980 2009 de
1007 1936 1168 2010 secundo

123 2074 194 2123 usu
204 2050 466 2147 symbolorum,
481 2074 624 2146 nempe,
640 2051 686 2124 de
699 2052 893 2136 brevitate,
905 2074 1017 2145 quare
1030 2051 1170 2145 primus

124 2186 214 2236 nsns
230 2186 307 2236 non
321 2162 369 2237 sit
386 2164 707 2260 supervacaneus?

177 2276 227 2349 B.
255 2275 391 2349 Nescio
407 2277 478 2349 hoc
497 2301 654 2374 quoque.

180 2388 229 2463 A.
257 2389 399 2462 Deinde
434 2389 534 2484 quod
568 2390 672 2463 addit
685 2388 941 2463 2—hreor'tatr'a
970 2400 1008 2463 et
1027 2389 1170 2485 facili-

126 2502 220 2575 tatis
237 2526 461 2591 causacum
479 2501 577 2576 illud
600 2528 670 2576 aon
698 2527 789 2575 raro
816 2504 927 2576 citius
948 2515 1171 2602 peragatur

118 2638 196 2712 par
212 2614 378 2711 symbola
394 2639 458 2688 aea
474 2617 634 2715 species,
648 2643 753 2713 qaam
764 2641 842 2715 per
860 2619 964 2715 aptos
981 2643 1145 2690 numeros
1156 2647 1169 2691 .·

125 2727 247 2801 -nisi
264 2728 491 2825 intelligatur
509 2730 554 2803 de
572 2731 785 2826 scriptione,
801 2730 933 2802 falsum
950 2743 1017 2803 est.
1073 2732 1170 2804 Nam

125 2849 164 2912 et
173 2864 245 2929 res,
257 2850 294 2914 et
305 2842 428 2930 verba,
439 2853 476 2914 et
486 2843 652 2938 symbola
663 2843 861 2939 cogitanda
874 2855 999 2928 ernnt;
1014 2868 1170 2940 quorum

125 2952 296 3026 ultimum
322 2954 392 3027 erit
421 2955 563 3029 inutile.
614 2956 699 3029 Jam
716 2979 803 3029 vero
833 2957 933 3052 quod
956 2957 1004 3030 ad
1030 2959 1171 3053 perspi-

125 3064 300 3138 cuitatem
321 3066 466 3157 attinet,
485 3091 554 3163 ego
573 3093 660 3141 sane
684 3069 722 3141 in
750 3069 914 3165 legendis
945 3071 1172 3143 demonstra-

124 3178 289 3252 tionibus
322 3203 388 3275 per
422 3181 588 3276 symbola
622 3181 780 3276 scriptiS,
809 3206 919 3278 quam
953 3206 1020 3278 per
1046 3183 1169 3273 verba,

125 3293 305 3387 majorem
319 3315 462 3387 semper
475 3295 595 3388 reperi
607 3294 873 3367 difficultatem.
890 3296 959 3383 Tu,
972 3295 1171 3391 quiconica

125 3405 207 3499 ejus
237 3404 436 3499 symbolice
461 3406 600 3501 scripta
627 3406 761 3502 legisti,
775 3408 892 3503 magis
917 3430 961 3480 ea
977 3408 1172 3504 perspicua

124 3540 206 3590 esse
218 3517 416 3607 existimas,
435 3542 545 3614 quam
559 3520 689 3592 conica
699 3519 885 3616 Apollonii
897 3522 955 3593 vel
969 3520 1143 3615 Midorgii
1157 3519 1169 3590 Β

179 3628 227 3701 Β.
256 3630 337 3725 Ego
354 3632 392 3704 in
423 3630 590 3726 legendis
621 3633 757 3705 conicis
784 3634 951 3719 Wallisii,
969 3657 1053 3706 cnm
1079 3633 1171 3706 inci-

127 3742 256 3816 derem
290 3743 327 3816 in
363 3745 656 3840 propositionem
690 3746 850 3843 aliquam
893 3746 1171 3843 longiusculam,

127 3856 266 3952 partim
285 3856 419 3929 laboris
443 3857 683 3953 impatientia,
700 3860 835 3954 partim
862 3859 963 3955 quod
988 3884 1070 3932 eam
1093 3861 1171 3954 jam

126 3981 214 4041 ante
229 3968 379 4042 aliunde
403 3994 528 4043 veram
558 3995 636 4045 esse
663 3972 805 4060 scirem,
824 3995 893 4043 nec
924 3971 971 4044 de
995 3972 1170 4046 methodo

126 4083 206 4178 ejus
220 4081 442 4172 dubitarem,
461 4083 788 4157 demonstrationis
806 4085 903 4156 viam
916 4085 1070 4157 nimium
1083 4087 1170 4159 levi-

127 4206 185 4268 ter
203 4195 424 4269 examinavi.

178 4308 227 4383 A.
256 4309 306 4381 In
331 4308 706 4383 demonstrationibus
725 4334 802 4407 per
833 4310 1011 4407 mahala,
1038 4338 1173 4411 opera·

225 4443 323 4497 von.
339 4443 396 4495 ιν.
1044 4448 1072 4498 11
