2946 5010
318 389 388 458 180
530 402 802 458 nxsmrnurro
821 404 873 457 nr
891 405 1140 457 nununurro

125 597 276 638 onmem
315 569 363 644 ad
391 591 521 642 arcum
550 569 679 643 circuli
707 571 775 644 sibi
803 571 1099 668 respondentem,
1131 583 1173 645 ut
1207 578 1216 644 Ι
1247 571 1294 644 ad
1321 578 1357 643 2.

130 677 274 783 ,ξω
316 681 428 759 Quod
445 693 501 757 est
516 681 659 757 falsum.

361 796 412 869 B.
439 796 562 870 Etiam
578 798 779 871 confitente
807 797 987 886 Wallisio,
1005 798 1120 894 quiin
1143 798 1283 872 scholio
1310 797 1358 871 ad

312 909 603 1008 propositionem
618 911 695 1000 xiii,
711 935 779 1007 per
802 910 973 1007 spiralem
990 911 1196 1007 intelligere
1210 934 1249 984 se
1264 911 1354 985 dicit

313 1046 468 1097 arcuum
481 1022 645 1096 omnium
662 1023 807 1097 infinite
824 1047 1020 1120 parvorum
1035 1036 1288 1121 aggregatum.

363 1136 414 1210 A.
442 1135 516 1210 Sed
528 1136 567 1209 in
584 1135 835 1233 propositione
845 1137 916 1210 hac
930 1136 1095 1233 loquitur
1107 1136 1300 1211 manifeste
1311 1137 1357 1210 de

313 1246 440 1346 spirali
452 1246 638 1345 descripta
648 1247 695 1321 ab
705 1247 940 1322 Archimede.
977 1248 1251 1344 Propositiones
1268 1272 1357 1344 ergo

313 1360 363 1454 vi,
388 1361 452 1451 vii,
477 1360 553 1450 viii,
576 1360 625 1451 ix,
646 1384 683 1450 x,
706 1360 757 1450 xi,
780 1359 847 1449 xii,
871 1361 947 1450 xiii,
976 1374 1064 1435 sunt
1080 1361 1194 1451 falsae,
1218 1372 1260 1436 ut
1273 1385 1357 1457 quse

314 1475 363 1549 ab
379 1475 450 1548 hac
467 1473 691 1571 dependent.
744 1473 940 1564 Praeterea,
959 1497 1071 1571 quam
1087 1473 1286 1548 absurdum
1300 1487 1359 1548 est

314 1586 462 1674 lineam,
493 1597 724 1661 constantem
755 1610 801 1659 ex
831 1587 984 1660 infinitis
1014 1610 1169 1662 numero
1198 1588 1357 1662 arcubus

313 1699 459 1775 infinite
476 1699 611 1796 parvis,
630 1699 815 1797 appellare
843 1699 1036 1797 spiralem!
1089 1702 1183 1776 Quae
1200 1701 1230 1774 si
1251 1725 1356 1797 regu·

312 1813 441 1889 lariter
457 1814 534 1888 sive
551 1813 712 1911 regulari
728 1823 832 1887 motu
848 1825 1057 1909 generetur,
1070 1815 1275 1888 necessario
1287 1814 1358 1887 erit

311 1950 420 2002 arcus
437 1926 578 2001 circuli.
630 1924 761 2022 Itaque
778 1925 891 1999 etium
913 1927 1184 2023 propositiones
1209 1927 1283 2017 xiv,
1296 1951 1357 2015 xv,

312 2041 386 2130 xvi,
416 2040 503 2130 xvii,
526 2038 627 2128 xviii,
659 2062 743 2135 quae
780 2037 984 2112 fundantur
1016 2063 1126 2136 super
1153 2040 1249 2114 hanc
1279 2043 1357 2137 ejus

311 2152 456 2251 spiralis
473 2150 829 2249 interpretationem,
847 2163 935 2224 sunt
962 2175 1090 2225 omnes
1116 2152 1229 2227 falsae.
1281 2152 1356 2226 Ne-

313 2288 384 2364 que
398 2266 521 2341 duetae
537 2289 562 2338 a
577 2276 707 2339 centro
724 2263 772 2338 ad
788 2264 947 2362 equales
964 2264 1046 2340 illos
1064 2266 1216 2363 exiguos
1234 2290 1355 2356 arcus,

312 2392 422 2455 erunt
439 2380 671 2455 arithmetice
688 2379 994 2476 proportionales.
1036 2381 1259 2477 Comparate
1275 2382 1356 2455 baec

312 2492 360 2567 ad
376 2493 568 2590 sequentia
583 2491 783 2566 leviuscula
800 2503 897 2566 sunt.

364 2606 413 2679 B.
441 2609 499 2681 An
534 2607 639 2703 pejus
673 2606 712 2679 in
743 2607 945 2702 geometria
975 2630 1056 2680 esse
1089 2617 1226 2705 potest,
1244 2630 1354 2702 quam

311 2720 434 2794 facere
464 2719 635 2816 spireiem
663 2731 833 2793 constare
863 2743 908 2792 ex
939 2721 1097 2793 arcubus
1127 2719 1267 2807 circuli,
1293 2719 1356 2790 iis-

313 2833 509 2931 demquea
532 2835 642 2907 rectis
665 2858 685 2907 e
716 2847 844 2908 centro
875 2833 1089 2930 interceptis
1123 2832 1355 2905 arithmetice

311 2948 659 3045 proportionalibus
687 2948 824 3044 quique
859 2947 969 3020 etiam
1000 2945 1158 3042 aequales
1190 2945 1355 3018 efficiunt

311 3061 491 3157 angulos?

361 3172 408 3249 A.
436 3175 534 3248 Satis
551 3174 699 3272 quidem
717 3173 877 3248 absurda
903 3173 967 3247 illa
992 3182 1090 3246 sunt.
1143 3172 1217 3245 Sed
1234 3171 1356 3245 videa-

311 3313 393 3363 mus
407 3301 446 3367 et
463 3290 555 3377 baec,
573 3287 838 3385 propositionis
855 3288 918 3360 xix
945 3286 1137 3359 lemme-
1145 3284 1191 3357 Si
1210 3309 1355 3383 propo-

311 3412 424 3477 natur
437 3401 557 3474 series
568 3400 815 3497 quantitatum
825 3399 863 3472 in
874 3399 1070 3497 duplicata
1081 3399 1230 3471 ratione
1239 3399 1357 3470 uriti-

310 3515 439 3588 metice
450 3513 801 3614 proportionalium,
815 3515 891 3587 ciue
900 3515 1017 3610 jueta
1033 3513 1168 3586 seriem
1188 3537 1356 3585 numero-

310 3650 392 3700 rum
408 3625 713 3725 quadraticorum
729 3626 896 3700 continue
913 3624 1166 3715 crescentium,
1179 3649 1203 3697 a
1214 3635 1355 3723 puncto

309 3739 409 3814 oeiO
428 3738 692 3830 inchoatarum,
711 3749 751 3814 ut
778 3749 814 3830 0,
834 3750 866 3829 l,
880 3749 917 3827 4,
933 3748 968 3829 9,
991 3746 1049 3829 16,
1069 3748 1128 3812 etc
1143 3766 1156 3812 .·
1175 3736 1355 3835 proposi-

311 3862 385 3927 tum
407 3853 459 3927 rit
486 3853 674 3950 inquirere
700 3878 810 3951 quam
836 3852 974 3926 habeut
1001 3851 1070 3925 itta
1098 3852 1278 3923 rationem
1305 3848 1358 3919 nrt

309 3967 441 4040 seriem
459 3965 613 4040 totidem
630 3967 800 4040 manime
823 3964 1030 4062 equalium.
1083 3963 1173 4036 Fiat
1204 3959 1352 4032 inuecti-

307 4079 417 4176 gutio
442 4079 685 4178 permultum
712 4078 949 4170 inductionis,
967 4088 1008 4152 ut
1036 4078 1073 4152 in
1094 4071 1353 4175 propositione

304 4196 445 4292 primu.
498 4195 663 4293 Eritque
