2946 5010
389 399 572 458 casamo
592 400 786 472 sunnam,
804 402 895 458 nro.
1090 380 1163 452 519

399 679 456 733 AD
475 680 815 733 Pnorosl‘rlomnm
835 679 884 732 11.

169 805 214 880 ln
230 806 269 896 ii,
279 817 323 880 nt
340 829 439 880 nuno
457 807 569 898 edita,
581 808 753 881 inventus
771 819 828 881 est
842 806 997 904 spbaerae
1014 804 1164 902 aequalis
1181 836 1225 879 ro
1239 835 1324 876 mor.
1335 835 1370 876 11.

120 921 258 993 cubus:
285 919 356 994 nisi
383 932 422 994 et
450 919 547 994 banc
568 919 815 994 confutaverit
831 919 1032 993 Professor.
1082 917 1165 991 Tri-
1206 903 1350 940 ‘'⁸“

120 1033 313 1130 nmphabit
330 1046 465 1122 tamen,
482 1033 581 1130 quod
598 1033 669 1107 nisi
692 1032 754 1106 ille
781 1033 943 1130 priorem
968 1031 1165 1128 reprehen-

120 1147 245 1236 disset,
263 1171 287 1219 a
303 1170 362 1221 me
381 1147 552 1221 inventus
577 1170 653 1221 non
678 1146 818 1220 fuisset.
869 1147 918 1219 Et
935 1146 1114 1243 profecto,
1132 1144 1165 1218 si

120 1261 192 1350 ille,
204 1273 400 1358 postquam
415 1284 577 1334 errorem
595 1284 718 1333 meum
732 1258 940 1347 detexisset,
954 1259 1064 1333 etiam
1085 1283 1166 1333 eor-

119 1374 288 1460 rexisset,
305 1373 344 1446 id
361 1384 418 1446 est
435 1374 519 1447 cubi
538 1371 585 1445 ad
603 1371 785 1467 sphaeram
809 1372 989 1445 rationem
1007 1372 1167 1446 invenis-

121 1499 190 1576 set,
220 1487 259 1559 in
286 1497 430 1583 partem
454 1485 614 1579 aliquam
637 1482 746 1581 hujus
773 1484 891 1558 laudis
908 1485 1033 1559 venire
1056 1498 1166 1582 potn-

120 1597 221 1672 isset.
266 1576 338 1672 sed
355 1596 408 1670 illi
427 1595 650 1694 impossibile
668 1596 740 1670 hoc
754 1608 844 1685 erat,
858 1607 1055 1693 propterea
1068 1597 1168 1692 quod

121 1710 303 1784 rationem
333 1710 519 1783 inventam
546 1709 674 1783 circuli
704 1708 752 1783 ad
779 1709 1012 1805 quadratum,
1038 1722 1077 1783 et
1104 1710 1168 1784 de-

122 1833 378 1911 monstratam,
396 1823 602 1918 intelligere
620 1847 694 1896 non
712 1824 845 1919 potuit.

173 1938 216 2011 In
236 1937 548 2011 demonstratione
572 1936 742 2010 seeundae
765 1935 1025 2034 propositionis
1041 1935 1164 2034 priore

125 2052 305 2124 confiteor
325 2073 385 2122 me
410 2073 561 2123 errasse.
614 2048 689 2122 Sed
712 2072 873 2122 errorem
901 2051 1029 2145 quem?
1081 2049 1167 2123 Non

124 2162 188 2259 qni
204 2187 228 2235 a
241 2161 381 2236 vitiosis
398 2161 587 2258 principiis
600 2173 702 2236 ortus
715 2174 847 2235 caetera
865 2162 989 2236 omnia
1001 2187 1167 2236 corrum-

121 2285 240 2373 peret,
266 2275 361 2348 sieut
386 2275 469 2348 ille:
496 2299 565 2348 uec
590 2274 637 2348 ab
663 2275 873 2372 ignorantia
897 2276 1167 2374 problematum

123 2386 491 2462 eminentissimorum
510 2412 593 2484 quae
615 2387 867 2462 demonstrata
884 2401 970 2463 suut
983 2391 1062 2487 jam
1079 2388 1167 2464 olim

123 2502 170 2575 ab
188 2500 410 2574 Archimede
436 2501 589 2597 aliisque
606 2501 807 2574 veteribus:
835 2502 900 2575 sed
920 2503 968 2576 ab
990 2526 1046 2592 eo,
1069 2504 1168 2598 quod

124 2638 209 2688 cum
227 2613 390 2688 viderem
411 2625 592 2710 quantum
610 2614 781 2711 quadrati
805 2614 936 2689 QRST
958 2628 1039 2690 erat
1064 2628 1171 2689 extra

124 2727 303 2802 circulum
317 2727 459 2817 BCDE,
472 2728 706 2802 tantumdem
720 2727 848 2802 circuli
862 2752 942 2802 esse
956 2743 1063 2803 extra
1079 2753 1169 2826 qua·

125 2840 286 2932 dratum,
305 2841 558 2939 contemplans
575 2842 685 2939 plana
702 2842 741 2915 in
759 2841 918 2931 sublimi,
933 2843 1169 2938 pronuntiavi

124 2955 287 3028 securius
309 2978 422 3050 quam
447 2956 611 3051 oportuit
633 2954 732 3029 idem
758 2954 805 3028 de
828 2956 973 3053 sphaera
998 2967 1037 3030 et
1062 2957 1168 3032 cubo.

125 3067 257 3161 Neque
274 3078 331 3140 est
348 3092 414 3141 cur
431 3068 644 3141 erubescam
662 3068 831 3141 confiteri
852 3090 1015 3141 errorem
1033 3092 1169 3157 meum,

126 3201 235 3274 quem
254 3180 396 3251 correxi
413 3179 503 3275 ipse.
555 3179 676 3252 Facile
694 3191 775 3252 erat
799 3202 874 3250 uon
894 3178 1005 3251 modo
1023 3178 1169 3254 Profes-

125 3289 212 3379 sori,
230 3289 296 3362 sed
312 3290 425 3363 etiam
437 3290 587 3363 cuilibet
605 3291 780 3364 mediocri
796 3302 996 3387 geometrae
1009 3293 1071 3389 qui
1089 3293 1170 3366 ani-

125 3425 225 3475 mum
255 3402 302 3476 ad
330 3402 558 3498 diagramma
584 3405 797 3502 applicaret,
821 3428 1045 3500 cognoscere
1070 3406 1170 3503 quod

125 3515 275 3612 planum
293 3539 360 3613 per
377 3516 474 3589 latus
492 3517 552 3589 RS
568 3516 739 3614 quadrati
758 3516 900 3602 nRST,
911 3517 949 3591 in
967 3518 1030 3614 fig.
1048 3519 1061 3591 i
1079 3519 1169 3594 duc-

126 3640 219 3718 tum,
245 3627 428 3703 abscindit
453 3653 474 3703 a
501 3629 646 3727 sphaera
670 3653 745 3703 non
770 3627 928 3704 solidum
954 3631 1021 3704 snb
1044 3631 1115 3706 QR
1132 3646 1171 3708 et

126 3741 236 3839 plano
254 3741 347 3832 Pce,
365 3741 431 3816 sed
453 3743 605 3840 sphaerae
628 3753 871 3839 segmentum.
923 3743 1062 3818 Mirum
1080 3769 1170 3844 ergo

127 3879 203 3930 non
220 3868 290 3944 est,
308 3879 376 3928 nee
393 3855 502 3929 laude
519 3854 643 3950 aliqua
660 3855 749 3931 artis
765 3866 830 3930 aut
846 3855 986 3953 ingenii
1003 3855 1169 3954 dignum,

126 3969 198 4042 hoc
215 3968 360 4043 vidisse.
411 3969 614 4067 Diligentia
630 3969 708 4044 sola
721 3992 813 4067 opus
831 3982 923 4061 erat,
938 3994 1021 4066 qnae
1037 3970 1172 4045 invidis

127 4092 168 4155 et
195 4080 383 4155 malevolis
412 4105 593 4179 nusquam
621 4082 736 4159 deest.
787 4082 918 4181 Neque
948 4097 1074 4158 tamen
1101 4109 1171 4181 ego

128 4194 325 4293 indiligens
352 4195 501 4270 omnino
525 4220 637 4271 eram.
690 4197 788 4270 Nam
813 4197 926 4272 libelli
951 4197 1024 4271 mei
1050 4222 1171 4272 exem-

128 4307 246 4405 plaria
263 4331 381 4408 pauca
393 4307 472 4384 sine
486 4306 719 4385 dedicatione
734 4309 775 4383 in
791 4309 979 4408 publicum
991 4310 1109 4398 emisi,
1127 4323 1171 4386 ut
