2946 5010
289 406 358 481 122
503 421 773 476 sxuurunrro
794 421 845 477 ur
863 420 1113 476 sununanro

97 615 248 660 onmem
284 594 382 668 linea
400 592 535 666 ΒΕΕΟ
553 592 774 666 describitur
796 616 819 666 a
847 592 1005 665 termino
1024 591 1055 665 B
1081 591 1326 665 decrescentis

96 696 240 806 „L

283 707 374 781 ΑΒ.
424 705 565 779 Eodem
581 716 707 779 autem
734 717 899 802 tempore
929 705 1068 779 moveri
1098 704 1326 800 intelligatur

281 820 380 895 lutus
397 819 469 894 ΑΟ
485 818 534 893 ad
550 820 647 893 latus
664 818 763 891 AB*
781 818 1037 902 uniformiter;
1063 829 1187 913 potest
1211 818 1325 913 igitur

281 932 410 1007 haberi
440 932 509 1006 OD
537 955 605 1028 pro
632 954 806 1005 mensura
834 930 1033 1027 temporis;
1060 944 1172 1004 rectae
1201 943 1325 1005 autem

282 1046 354 1144 ipsi
369 1046 441 1119 CD
459 1044 655 1142 parallelae,
669 1045 876 1117 terminatae
893 1045 940 1117 ab
958 1067 1032 1116 una
1048 1055 1154 1140 parte
1171 1044 1209 1116 in
1227 1043 1325 1117 linea

284 1158 442 1249 BEFC,
460 1159 499 1232 in
527 1158 643 1231 altera
669 1168 774 1254 parte
801 1157 839 1229 in
867 1167 969 1231 recta
984 1157 1070 1246 AC,
1084 1167 1193 1230 erunt
1222 1181 1325 1229 men-

283 1295 380 1346 surae
396 1270 557 1369 partium
574 1270 752 1366 temporis
764 1269 803 1342 in
821 1293 894 1366 quo
912 1269 984 1341 AB
1002 1281 1170 1343 movetur
1179 1269 1227 1342 ad
1241 1270 1323 1360 CD,

283 1396 321 1459 et
333 1384 405 1459 Ac
420 1384 468 1458 ad
486 1382 595 1457 But
648 1384 823 1457 Sumatur
836 1385 914 1479 jam
927 1383 966 1454 in
984 1396 1087 1457 reeta
1100 1383 1169 1456 CD
1187 1384 1235 1456 ad
1246 1384 1323 1479 pla-

283 1497 397 1572 citum
417 1508 597 1595 punctum
610 1497 655 1585 0,
674 1497 831 1571 ducatur
847 1497 912 1571 OS
930 1496 1105 1594 parallelo
1127 1496 1233 1569 lateri
1252 1498 1323 1571 BD

283 1634 411 1685 secans
427 1611 562 1684 lineam
576 1609 718 1684 BEFC
734 1610 773 1682 in
790 1610 832 1698 E,
851 1622 888 1682 et
904 1620 1044 1683 rectam
1062 1607 1132 1682 AB
1145 1610 1183 1682 in
1202 1610 1239 1682 S.
1275 1612 1324 1684 Et

283 1747 421 1811 rursus,
438 1734 609 1821 apuncto
628 1723 675 1810 Q,
686 1734 833 1818 sumpto
851 1722 890 1795 in
907 1722 977 1795 ΟΕ
994 1722 1199 1810 arbitraria,
1212 1722 1323 1796 duca-

282 1835 481 1911 tur'eidem
498 1837 605 1918 lateri
621 1835 686 1908 BD
699 1835 874 1932 parallela
891 1836 1107 1910 desecans
1132 1836 1255 1910 BEFC
1284 1838 1323 1910 in

285 1950 325 2038 F,
343 1961 381 2024 et
398 1950 464 2024 AB
481 1950 521 2022 in
538 1949 582 2022 R.
627 1949 820 2022 Ducuntur
837 1949 950 2022 etiam
966 1950 1041 2038 EG,
1055 1948 1120 2021 ΕΗ
1139 1950 1322 2044 parallelae

283 2063 368 2152 CD,
376 2075 544 2137 secantes
556 2062 620 2135 Ac
632 2062 672 2135 in
684 2061 719 2133 G
736 2073 774 2134 et
793 2062 843 2134 H.
871 2062 1062 2135 Postremo
1078 2061 1178 2134 idem
1189 2086 1322 2159 suppo-

281 2187 392 2251 natur
408 2176 489 2250 fieri
506 2198 573 2273 per
589 2176 713 2249 omnia
725 2186 863 2272 puncta
878 2174 985 2249 lineae
1004 2174 1138 2249 BEFC.
1197 2176 1322 2250 Habes

282 2289 609 2363 constructionem.

330 2402 381 2476 B.
408 2402 540 2475 Habeo
557 2413 595 2475 et
607 2412 728 2475 teneo.

333 2515 382 2588 A.
409 2516 502 2589 Dico
515 2517 592 2610 jam
610 2539 700 2607 esse,
719 2526 763 2587 ut
779 2526 1021 2611 aggregatum
1039 2515 1203 2588 omnium
1224 2515 1322 2586 veio-

282 2628 448 2717 citatum,
476 2628 608 2724 quibus
634 2628 893 2702 describuntur
920 2639 1031 2702 rectae
1058 2629 1134 2719 ΟΕ,
1148 2630 1223 2717 ΟΕ,
1242 2628 1320 2716 DB,

282 2751 497 2837 caeteraeque
511 2764 638 2813 omnes
648 2741 777 2814 eadem
788 2740 962 2813 methodo
972 2743 1120 2838 genitae,
1131 2742 1179 2815 ad
1192 2766 1321 2839 aggre-

280 2867 409 2950 gatum
420 2855 604 2928 rationum
617 2867 824 2951 temporum
837 2854 1112 2950 designatorum
1124 2879 1189 2951 per
1202 2867 1321 2927 rectas

284 2968 362 3055 HF,
374 2966 448 3055 GE,
463 2967 541 3055 AB,
569 2981 606 3041 et
637 2980 803 3057 caeteras,
821 2969 874 3040 ita
903 2970 1054 3064 planum
1084 2969 1242 3041 DCFEB
1273 2969 1321 3039 ad

281 3080 430 3176 planum
449 3081 617 3154 ABEFC.
670 3081 773 3155 Sicut
795 3081 893 3154 enim
906 3082 971 3154 AB
992 3081 1236 3154 decrescendo
1254 3106 1321 3176 per

280 3192 416 3266 lineum
434 3194 560 3266 BEFC
573 3194 788 3289 intempore
802 3194 879 3282 CD,
893 3195 1077 3268 evanescit
1091 3195 1129 3268 in
1142 3207 1321 3291 punctum

281 3306 323 3395 C,
342 3307 395 3380 ita
411 3307 515 3396 ΟΝ,
539 3308 608 3402 ipsi
627 3307 692 3379 AB
711 3308 874 3404 aequalis,
889 3306 1134 3380 decrescendo
1152 3332 1218 3404 per
1235 3332 1321 3381 ean-

281 3417 364 3492 dem
394 3420 529 3493 lineam
555 3421 689 3509 CFEB,
718 3421 846 3493 eodem
874 3433 1041 3516 tempore
1069 3423 1254 3495 evanescit
1283 3424 1321 3494 in

279 3543 459 3628 punctum
477 3534 519 3622 B,
539 3533 725 3629 descripta
741 3546 844 3606 recta
863 3532 929 3605 ΟΒ
947 3533 1080 3628 aequali
1098 3534 1174 3606 AC.
1227 3536 1322 3606 Sunt

280 3670 369 3744 ergo
398 3646 624 3738 velocitates,
655 3647 786 3744 quibus
814 3644 1073 3719 describuntur
1103 3648 1168 3721 Ac
1185 3661 1223 3720 et
1240 3648 1319 3737 ΕΒ,

278 3759 376 3832 inter
394 3784 433 3833 se
451 3761 621 3857 aequales.
649 3760 800 3847 Rursus,
819 3759 992 3855 quoniam
1009 3760 1138 3833 eodem
1153 3774 1319 3857 tempore

279 3894 352 3967 quo
370 3884 549 3969 punctum
579 3872 803 3946 Odescribit
820 3882 959 3944 rectam
979 3872 1055 3960 OE,
1073 3873 1201 3946 eodem
1226 3885 1319 3945 tem-

277 4008 367 4080 pore
385 3987 605 4081 punctumS
624 3984 799 4059 describit
827 3998 966 4056 rectam
995 3985 1064 4074 SE,
1083 3985 1154 4058 erit
1182 3984 1245 4057 OE
1271 3983 1318 4055 ad

279 4096 348 4185 SE,
366 4109 410 4171 ut
427 4099 601 4173 velocitas
616 4123 689 4194 qua
705 4097 927 4171 describitur
943 4098 1008 4170 ΟΕ
1025 4099 1071 4171 ad
1087 4097 1316 4171 velocitatem

126 4252 130 4258 ι
278 4232 351 4305 qua
369 4210 589 4285 describitur
607 4212 676 4285 SE.
728 4212 777 4283 Et
796 4223 948 4306 propter
975 4211 1128 4284 eandem
1156 4233 1316 4295 causam,

657 4398 673 4434 ¹
697 4398 747 4458 Sic
760 4398 839 4458 Edit
858 4401 944 4459 1668.
