2956 5018
404 440 478 505 410
545 454 599 506 nu
618 453 850 505 rnruomrrs
872 453 920 505 ur
939 451 1298 506 norrocmumouu

831 775 936 849 CAP.
961 775 1010 850 X.

391 944 458 1000 ,ΒΕ
487 945 712 998 ΡΕΤῙΤΙΟΝΕ
740 946 873 998 PRIMA
900 947 1116 1000 ELEMENTI
1143 946 1279 1016 ΡΒΙΜΙ,
1306 948 1357 1000 ET
1383 950 1441 1001 DE

661 1060 938 1112 DEFINITIONE
965 1062 1136 1114 DECIMA.

231 1223 300 1263 cnr.
314 1222 344 1263 x.
402 1187 571 1261 Purtrto
597 1188 738 1284 prima:
777 1189 827 1262 Ut
848 1214 873 1262 a
894 1189 1020 1286 quovis
1040 1198 1181 1288 puncto
1206 1189 1262 1262 ad
1283 1189 1441 1286 qrcodois

192 1291 360 1410 1),ss
394 1311 572 1399 punctum
588 1311 727 1374 rectam
744 1301 879 1375 lincam
895 1304 1030 1376 ducere
1045 1303 1276 1376 concedatur.

190 1419 261 1540 22ss5·
272 1416 390 1525 fflffl
453 1415 490 1488 Si
505 1414 727 1488 concedatur
743 1416 877 1489 lineam
889 1418 1023 1490 habere
1037 1417 1269 1490 latitudinem
1278 1416 1440 1512 aliquam

190 1514 592 1618 rodumvisibilem,
619 1552 724 1624 aequa
751 1542 827 1602 est:
857 1553 943 1603 nam
972 1555 995 1605 a
1021 1543 1160 1627 puncto
1187 1531 1235 1603 ad
1259 1542 1438 1627 punctum

401 1641 550 1714 extendi
567 1653 689 1738 potest
706 1665 752 1716 ex
768 1643 844 1716 lino
860 1645 974 1717 filum.
1019 1644 1167 1739 Alioqui
1183 1644 1284 1716 factu
1301 1645 1438 1739 impos-

394 1753 506 1827 sibile
523 1767 603 1828 est:
630 1769 668 1828 et
684 1771 880 1852 propterea
897 1759 1026 1853 petitio
1043 1758 1168 1853 iniqua
1185 1768 1251 1830 est.

394 1883 397 1888 ’
452 1866 525 1940 Sed
551 1867 615 1940 illa
633 1868 795 1942 Euclidis
813 1887 936 1961 γραμμὴ,
954 1872 1022 1945 etsi
1039 1870 1274 1944 latitudinem
1290 1870 1437 1959 habeat,

400 1978 485 2053 duci
502 2004 577 2053 non
593 1993 716 2077 potest
732 1983 803 2055 uisi
819 1983 858 2055 in
876 1983 997 2078 plano.
1047 1984 1201 2057 Planum
1224 1994 1347 2055 autem
1372 1982 1439 2055 de-

400 2093 511 2167 scribi
543 2117 618 2167 uon
652 2106 774 2190 potest
807 2096 885 2169 sine
919 2120 989 2193 ope
1022 2108 1133 2170 rectae
1157 2097 1286 2169 liueae:
1317 2095 1370 2167 ita
1394 2106 1438 2167 ut

399 2230 518 2303 neque
546 2220 647 2281 recta
671 2209 845 2298 Euclidis‚
862 2233 982 2306 neque
1010 2211 1219 2306 superficies
1236 2210 1357 2305 plana,
1375 2231 1438 2280 ac-

400 2332 527 2394 curate
545 2320 700 2395 describi
718 2322 843 2420 possit.
896 2323 998 2419 Opus
1015 2335 1071 2396 est
1091 2322 1342 2396 instrumentis
1359 2345 1437 2394 me-

393 2433 574 2524 chanicis,
592 2435 714 2531 qualia
740 2448 826 2508 suut
856 2436 983 2531 regula
1005 2446 1042 2508 et
1060 2459 1200 2524 norma,
1219 2435 1341 2524 idest,
1360 2459 1437 2509 non

399 2558 582 2619 accurate.
619 2548 778 2643 AEquum
795 2561 918 2621 tamen
931 2572 1010 2622 esse
1027 2549 1157 2635 fateor,
1169 2558 1210 2621 ut
1227 2548 1264 2620 in
1279 2548 1436 2644 opificiis

399 2659 567 2732 humanis
583 2684 650 2754 pro
669 2674 840 2735 accurato
862 2663 1050 2744 habeatur,
1069 2661 1168 2757 quod
1190 2673 1362 2734 accurato
1380 2673 1438 2734 est

398 2772 617 2867 proximum.
669 2774 742 2846 Sed
760 2774 857 2869 quod
875 2775 989 2847 lineas
1006 2775 1259 2871 hyperbolicos
1277 2787 1315 2846 et
1332 2774 1437 2871 ellip-

397 2885 490 2957 ticas
518 2884 601 2958 duci
627 2910 733 2982 posse
759 2888 969 2961 Euclidistae
995 2912 1070 2960 nou
1094 2887 1309 2974 concedant,
1335 2888 1436 2978 (cum

398 3000 534 3073 certius
559 3001 748 3097 aliquanto
772 3003 907 3098 ellipsis
924 3014 961 3075 et
978 3002 1176 3098 hyperbole
1194 3024 1263 3096 ope
1280 3000 1332 3071 fili
1350 2999 1436 3071 duci

397 3124 518 3210 potest
536 3137 644 3209 quam
673 3114 770 3189 linea
796 3127 897 3188 recta
914 3138 983 3211 ope
1001 3114 1168 3209 regulae),
1188 3114 1351 3209 iniquum
1367 3124 1435 3185 est.

398 3227 528 3323 Itaque
563 3227 737 3324 quamdiu
761 3241 960 3325 geometrae
985 3228 1099 3300 lineas
1124 3227 1191 3300 bas
1217 3227 1302 3299 duci
1327 3249 1436 3322 posse

393 3352 547 3436 negant,
560 3341 701 3415 tamdiu
718 3343 846 3439 petitio
863 3343 940 3415 hanc
957 3342 1082 3437 iniqua
1100 3351 1170 3413 est:
1186 3353 1223 3412 et
1240 3352 1436 3436 propterea

399 3455 509 3527 etiam
526 3454 686 3528 secunda
702 3456 829 3529 haberi
847 3456 957 3528 debet
975 3479 1041 3550 pro
1059 3455 1197 3549 iniqua.

448 3567 688 3640 Definitiones
722 3569 901 3641 Elementi
937 3568 1087 3641 secundi
1116 3567 1241 3640 faciles
1271 3577 1368 3652 sunt,
1397 3575 1435 3637 et

397 3692 548 3776 propter
579 3705 659 3753 eam
690 3705 837 3755 causam
854 3682 945 3755 vitio
976 3692 1113 3755 carent.
1165 3680 1268 3752 ldem
1286 3678 1368 3751 dico
1387 3678 1433 3751 de

398 3793 669 3867 definitionibus
687 3796 866 3869 Elemeuti
885 3796 986 3868 tertii
1003 3796 1079 3869 sere
1097 3794 1276 3868 omnibus.
1329 3791 1432 3880 Fere,

397 3908 569 4002 inquam:
595 3908 798 3981 notandum
816 3909 913 3982 euim
930 3920 998 3999 est,
1017 3907 1114 4005 quod
1132 3908 1169 3979 in
1188 3905 1349 3978 secunda
1372 3904 1433 3976 de·

396 4021 561 4094 finitione
579 4021 693 4094 Elem.
708 4023 758 4109 iii,
779 4023 906 4095 definit
919 4031 1088 4120 tongere,
1107 4044 1172 4116 per
1186 4029 1346 4115 tongere
1364 4041 1432 4089 nec

396 4156 543 4205 secare:
561 4134 742 4209 incertum
759 4137 966 4231 relinquens
983 4159 1029 4207 an
1043 4146 1222 4229 punctum
1237 4142 1431 4204 contactus

396 4248 674 4344 intelligendum
688 4250 734 4322 sit
750 4249 788 4322 in
801 4273 876 4321 una
888 4261 1031 4322 tantum
1050 4248 1228 4320 linearum
1243 4243 1433 4338 contigua-

396 4384 489 4451 rum,
516 4386 563 4435 an
590 4362 627 4436 in
655 4374 820 4459 utraque,
845 4388 893 4438 an
924 4362 1021 4435 inter
1049 4371 1255 4456 utramque.
1307 4358 1433 4430 Potest
