2946 5010
395 379 708 432 Marnamarrcm
728 383 974 434 numanum.
1135 369 1204 436 155

164 541 342 632 bolorum,
370 544 478 618 facile
500 547 643 620 fallunt.
695 549 837 645 Neque,
865 550 896 622 si
923 573 998 622 non
1024 549 1205 640 fallerent,
1242 571 1394 617 orneacus

163 655 358 751 quicquam
381 658 546 731 valerent
576 661 740 756 symbola
766 663 837 734 nisi
864 662 912 735 ad
942 663 1206 737 obscuritatem
1245 657 1390 759 „L

163 768 299 864 alioqui
317 770 524 844 clarissimis
542 773 798 846 inducendam.

214 884 426 978 Sequuntur
448 885 569 981 Caput
598 886 687 975 xliii,
707 887 752 959 de
779 888 1003 961 fractionum
1030 886 1207 983 multipli-

163 996 309 1069 catione
328 1009 366 1069 et
389 997 578 1087 divisione,
594 1014 630 1072 et
657 1001 777 1096 Caput
805 1001 891 1088 xliv,
910 1000 956 1072 de
981 1000 1206 1073 fractionum

161 1108 459 1193 reductionibus;
486 1111 524 1183 in
546 1112 677 1207 quibus
694 1124 738 1185 ut
764 1113 856 1184 nihil
872 1113 1015 1202 falsum,
1034 1113 1087 1185 ita
1113 1112 1205 1185 nihil

161 1244 297 1293 novum
315 1223 527 1318 reperimus,
545 1248 663 1320 neque
682 1226 720 1297 in
744 1225 1003 1298 demonstratis
1028 1249 1148 1321 neque
1165 1226 1205 1298 in

162 1334 546 1409 demonstrationibus.
599 1337 718 1433 Caput
742 1338 912 1410 ultimum
935 1338 1110 1434 Epilogus
1136 1351 1204 1429 est,

161 1472 233 1544 quo
250 1449 461 1544 praecedens
487 1474 579 1546 opus
607 1451 881 1523 arithmeticum
907 1475 945 1523 se
970 1451 1060 1523 dicit
1085 1452 1205 1525 absol-

158 1562 266 1633 visse.
331 1562 547 1635 Doctriuam
578 1564 676 1636 enim
711 1564 757 1636 de
787 1565 970 1637 rationum
999 1565 1204 1637 rationibus

158 1676 334 1748 traditam
364 1699 443 1749 esse
474 1677 527 1750 ait
555 1679 593 1749 in
625 1677 795 1750 doctrina
824 1678 1070 1760 fractionum3
1103 1677 1204 1772 quod

160 1811 269 1884 quam
287 1801 388 1862 recte
405 1790 545 1862 factum
563 1791 623 1875 sit,
640 1790 775 1863 audisti
793 1791 915 1864 modo.
957 1790 1005 1863 Et
1022 1790 1203 1884 siquidem

158 1901 237 1996 ipse
250 1901 336 1975 huic
354 1903 532 1976 doctrinae
550 1904 779 1976 theoremata
795 1904 870 1976 ulla
887 1903 1201 1999 superstruxisset,

158 2014 316 2087 absurda
334 2039 377 2087 ea
394 2039 473 2088 esse
491 2016 732 2090 intellexisset
750 2018 839 2113 ipse.

211 2127 259 2200 B.
288 2128 372 2201 Non
391 2140 492 2224 puto.
527 2130 623 2202 Nam
640 2131 720 2203 haec
740 2130 909 2203 doctrina
921 2128 1202 2202 fundamentum

158 2252 217 2312 est
250 2242 363 2314 totius
403 2242 480 2313 fere
515 2253 695 2315 tractatus
725 2242 834 2331 illius,
869 2266 978 2338 quem
1013 2242 1201 2339 inscripsit

157 2350 438 2426 Arithmeticam
463 2355 724 2449 Infinitoram;
756 2380 866 2452 quem
901 2365 1098 2429 tractatum
1126 2379 1200 2430 una

157 2491 242 2539 cum
259 2468 476 2541 tractatibus
490 2469 535 2541 de
552 2470 688 2540 comicis
704 2468 927 2542 sectionibus
941 2481 979 2541 et
997 2470 1042 2541 de
1061 2468 1200 2567 angulo

156 2590 356 2668 emitactus,
381 2606 525 2654 mecum
549 2583 657 2655 attuli
680 2594 723 2654 ut
744 2583 941 2655 examines.
993 2582 1091 2654 Nam
1117 2582 1201 2656 illos

157 2694 358 2766 examinari
376 2695 495 2790 cupio.

209 2807 257 2878 A.
283 2806 522 2880 Examinabo.
577 2807 650 2880 Sed
672 2808 720 2880 ad
747 2831 841 2905 opus
868 2809 1054 2904 integram
1082 2808 1201 2882 arith-

156 2921 324 2992 meticam
340 2921 473 2994 desunt
486 2921 607 2994 adhuc
625 2920 766 3019 regale
779 2921 1021 3017 alligationis
1035 2921 1200 3018 etfalsae

149 3035 378 3131 positionis:
407 3059 564 3131 quarum
587 3034 724 3123 ultera,
755 3035 886 3130 inquit,
922 3045 998 3107 tam
1028 3034 1118 3107 aliis
1152 3036 1200 3108 de

155 3148 292 3235 causis,
306 3158 380 3220 tam
397 3148 498 3246 qtcod
513 3147 581 3221 illa
599 3174 669 3221 moa
686 3149 781 3221 adeo
792 3147 1016 3244 frequentia
1030 3172 1118 3219 cesus
1134 3149 1197 3236 sit,

156 3259 281 3333 altera
314 3261 395 3333 sime
430 3286 565 3359 magno
601 3260 794 3357 dispendio
824 3270 917 3357 post
953 3258 1198 3336 introductam

154 3373 423 3446 arithmeticam
456 3375 673 3470 speciosam,
703 3372 852 3444 careri*
876 3371 1013 3469 possit.
1085 3371 1197 3446 Quod

153 3498 350 3583 utrumque
369 3486 501 3560 falsum
515 3500 583 3558 est.
635 3486 732 3557 Nam
753 3497 791 3557 et
814 3485 952 3581 regulae
975 3484 1197 3579 alligationis

153 3600 252 3695 apud
272 3614 494 3673 mercatores
512 3623 599 3671 usus
617 3610 672 3671 est
690 3598 779 3670 satis
796 3597 990 3694 frequens;
1014 3609 1052 3670 et
1069 3597 1195 3693 regula

153 3712 253 3785 salsae
265 3713 468 3808 positionis,
484 3735 567 3783 cum
582 3710 788 3806 dependeat
806 3710 937 3784 abhoc
954 3711 1194 3800 theoremate,

151 3836 194 3897 at
211 3850 316 3897 unam
328 3823 479 3922 sairam
502 3822 733 3919 suppositum
751 3830 808 3893 est
834 3821 888 3894 ad
913 3845 1078 3894 errorem
1106 3847 1129 3893 a
1154 3845 1197 3894 se

150 3950 288 4026 matam,
324 3939 381 4010 ita
415 3936 574 4009 alteram
602 3934 752 4032 salsam
785 3934 1016 4031 suppositum
1051 3945 1108 4007 est
1143 3934 1198 4008 ad

149 4075 317 4124 errorem
348 4050 474 4122 itidem
503 4075 527 4121 a
558 4073 599 4119 se
626 4058 761 4135 matam,
792 4047 1037 4119 demonstrari
1070 4061 1194 4144 potest

149 4167 230 4238 sine
248 4165 408 4260 algebra.
461 4163 734 4234 Demonstratio
752 4161 981 4257 longiuscula
999 4175 1066 4236 est.
1119 4163 1193 4236 Sed

461 4365 476 4396 ⁴*
501 4363 548 4422 Sic
563 4363 641 4420 Edit.
663 4366 737 4421 1660
758 4374 786 4422 ct
806 4365 889 4421 1668.
