2946 5010
108 620 193 661 naor.
208 623 250 662 xl.

108 688 252 724 *ar-³

295 410 369 490 370
525 429 578 481 nn
599 430 904 484 unnurrumun
925 432 1107 485 crucum.

295 596 393 669 enim
418 597 577 693 aequales
603 599 678 671 sint
703 599 773 688 PC,
793 601 855 689 ld,
882 600 1031 697 dempta
1056 602 1242 674 communi
1262 601 1335 690 Pd,

294 707 487 782 restabunt
505 709 563 798 IP,
582 709 649 783 Cd
662 712 840 808 aequales:
860 712 958 785 unde
975 714 1138 809 sequitur
1156 713 1233 812 ng,
1254 714 1335 803 BQ,

294 845 377 918 qnae
405 822 492 918 ipsis
519 823 578 912 IP,
602 824 667 897 Cd
691 837 778 899 sunt
807 827 965 923 aequales
991 841 1147 923 utraque
1177 829 1334 923 utrique,

294 937 453 1033 aequales
471 936 583 1010 etiam
600 961 679 1012 esse
697 939 796 1012 inter
813 963 863 1012 se.

346 1050 484 1124 Coroll.
498 1051 536 1124 ii.
563 1052 680 1125 Recta
690 1053 760 1127 ΟΩ
770 1064 826 1126 est
843 1054 992 1149 aequalis
1009 1066 1120 1127 rectae
1135 1054 1207 1149 Bg.
1243 1053 1335 1126 Duae

293 1163 391 1237 enim
408 1165 486 1262 Gg,
505 1165 535 1238 B
539 1191 583 1263 g,
600 1166 814 1262 compositae
832 1167 973 1240 faciunt
991 1178 1109 1240 totam
1127 1167 1207 1240 BG.

347 1276 486 1350 Coroll.
504 1278 555 1352 iii.
582 1279 649 1352 ΕΚ
666 1278 725 1352 vel
744 1279 812 1352 Hk
836 1280 984 1376 aequalis
1002 1293 1058 1353 est
1077 1281 1154 1354 HS.
1207 1280 1250 1353 In
1268 1280 1335 1353 tri-

293 1389 429 1486 angulo
447 1390 544 1464 enim
562 1393 774 1489 aequilatero
788 1394 903 1479 KVO,
921 1394 1007 1490 quia
1023 1406 1126 1467 recta
1135 1394 1205 1466 VK
1222 1393 1336 1488 dupla

292 1513 350 1576 est
379 1517 490 1578 rectae
506 1507 575 1578 ΕΚ
591 1507 651 1579 vel
666 1506 744 1596 Hk,
776 1508 887 1580 etiam
912 1522 1015 1582 recta
1031 1509 1098 1582 VO
1123 1508 1235 1604 dupla
1263 1507 1336 1580 erit

293 1616 457 1712 ejusdem
484 1619 558 1692 ΕΚ
585 1620 642 1692 vel
673 1620 751 1693 Hk.
802 1621 870 1695 Est
903 1634 1025 1696 autem
1060 1622 1188 1696 eadem
1223 1621 1336 1717 dupla

293 1742 406 1805 rectae
424 1731 502 1820 HS,
521 1732 607 1828 qnia
625 1733 676 1806 lO
700 1744 756 1807 est
783 1734 1002 1830 quadratum
1033 1737 1137 1830 cujus
1157 1735 1252 1807 latus
1278 1747 1335 1807 est

293 1845 433 1940 aequale
452 1844 530 1918 HS.
583 1845 713 1943 Itaque
725 1849 857 1943 juncta
871 1848 939 1938 st,
953 1860 990 1923 et
1006 1848 1188 1944 producta
1204 1848 1251 1921 ad
1266 1848 1335 1921 DA

292 1959 333 2032 in
350 1958 377 2050 ἰ,
394 1959 544 2056 aequalis
561 1961 632 2033 erit
650 1972 760 2034 rectae
778 1962 845 2035 AO
863 1962 939 2035 sive
956 1973 1068 2036 rectae
1086 1963 1155 2036 Ae.

700 2184 930 2238 senonum.

342 2303 399 2376 Ex
416 2301 462 2374 iis
480 2326 562 2398 quae
579 2303 757 2376 hactenus
774 2302 1026 2375 demonstrata
1041 2311 1138 2388 sunt,
1158 2299 1264 2372 facile
1278 2313 1336 2373 est

295 2415 409 2489 cuivis
422 2427 535 2489 rectae
547 2415 643 2490 datae
656 2416 765 2489 aliam
778 2427 919 2488 rectam
936 2414 1111 2508 invenire,
1124 2436 1205 2508 quae
1222 2413 1337 2485 habet

295 2527 342 2601 ad
376 2527 475 2599 illam
506 2528 688 2600 rationem
718 2527 981 2600 semidiametri
1011 2526 1058 2599 ad
1092 2550 1219 2598 arcum
1245 2551 1337 2621 qua-

296 2640 435 2713 drantis
446 2639 586 2728 circuli,
597 2640 660 2711 illa
670 2640 942 2712 semidiametro
954 2640 1139 2734 descripti.
1167 2640 1336 2735 Exempli

294 2774 415 2838 causa,
428 2751 458 2822 si
477 2751 524 2822 sit
543 2751 629 2822 data
642 2763 745 2824 recta
758 2752 832 2840 Ra,
848 2764 886 2823 et
900 2765 1087 2846 quaeratur
1103 2762 1204 2824 recta
1216 2776 1337 2846 aeqna·

293 2862 337 2934 lis
368 2863 471 2934 arcui
505 2864 719 2958 quadrantis
749 2865 924 2961 descripti
956 2866 1228 2937 semidiametro
1259 2867 1337 2954 Ra,

295 2975 451 3048 ducatur
468 3001 490 3047 a
507 2988 635 3050 centro
650 2978 777 3049 circuli
792 2979 825 3049 A
843 2989 944 3050 recta
962 2979 1036 3063 Aa,
1055 2990 1092 3049 et
1109 2979 1339 3073 producatur

294 3088 341 3161 ad
367 3089 440 3161 ΒΜ
461 3091 499 3161 in
527 3091 569 3178 E,
594 3091 663 3164 erit
688 3093 748 3164 BE
772 3093 921 3186 aequalis
947 3094 1048 3164 arcui
1074 3093 1258 3188 descripto
1290 3095 1339 3166 ab

295 3203 367 3274 Ra.
429 3202 603 3276 Similiter
637 3205 667 3275 si
705 3217 892 3298 quaeratur
926 3217 1027 3276 recta
1061 3205 1157 3277 linea
1187 3207 1339 3298 aequalis

294 3318 396 3389 arcui
425 3317 638 3412 quadrantis
667 3318 840 3412 descripti
874 3342 895 3389 a
924 3319 1057 3390 lineola
1083 3320 1151 3405 rtV,
1179 3318 1340 3390 ducatur

294 3431 362 3502 AV
379 3443 416 3502 et
433 3431 658 3525 producatur
676 3431 724 3502 ad
743 3432 815 3503 ΒΜ
834 3431 872 3501 in
891 3456 933 3518 w,
953 3432 1092 3525 eritque
1111 3433 1178 3503 Ew
1195 3432 1253 3503 vel
1275 3434 1340 3505 EL

294 3544 444 3637 aequalis
462 3544 563 3615 arcui
580 3544 793 3637 quadrantis
817 3544 991 3638 descripti
1009 3546 1054 3615 ab
1073 3545 1141 3615 nV.
1194 3546 1289 3616 Item
1308 3548 1341 3618 si

295 3658 381 3728 data
405 3668 506 3728 recta
533 3656 695 3750 qualibet
722 3658 759 3728 in
787 3669 887 3728 recta
913 3657 998 3742 ΒΜ,
1017 3669 1203 3752 quaeratur
1229 3683 1340 3732 arcus

295 3769 421 3844 circuli
440 3770 509 3863 ipsi
524 3770 684 3863 aequalis,
700 3770 907 3842 invenietur
924 3770 994 3841 hoc
1012 3770 1133 3841 modo.
1175 3771 1231 3842 Sit
1250 3771 1342 3845 data

294 3895 396 3955 recta
414 3884 502 3964 AE;
530 3894 695 3954 sumatur
713 3885 750 3953 in
765 3883 838 3954 ΒΜ
857 3895 957 3953 recta
976 3882 1030 3953 Βα
1045 3883 1193 3976 aequalis
1212 3884 1289 3970 ΑΕ,
1302 3898 1342 3957 et

294 3998 376 4068 aba
397 3995 613 4066 demittatur
631 3995 981 4089 perpendiculariter
1008 4009 1108 4066 recta
1127 3999 1183 4081 αξ,
1208 4020 1341 4070 secans

294 4110 370 4180 AM
390 4110 427 4180 iu
446 4113 477 4194 ἔ,
496 4122 533 4181 et
551 4135 573 4180 a
590 4121 727 4203 puncto
747 4112 766 4178 ἒ
785 4108 940 4179 ducatur
959 4110 1019 4181 CO
1041 4108 1213 4202 parellela
1231 4109 1342 4182 lateri

296 4221 369 4305 BC,
394 4224 464 4294 erit
481 4246 586 4294 arcus
605 4222 818 4315 quadrantis
837 4221 1011 4316 descripti
1029 4223 1074 4294 ab
1096 4222 1166 4295 Aa
1187 4224 1343 4316 aequalis

294 4348 405 4406 rectae
425 4336 487 4409 QG
503 4337 577 4408 sive
596 4336 671 4406 An.
