2946 5010
352 392 668 447 mrnnnunmen
688 395 933 448 nomunnm.
1123 379 1166 458 71

123 571 264 656 quanta
280 571 388 645 sunt;
414 572 549 635 eaetera
579 585 653 634 non
681 572 780 637 sunt.
832 563 1044 637 Absurdum
1072 565 1170 637 enim
1207 590 1356 633 ommam

123 684 221 746 esset
251 695 384 769 rogare
414 685 555 768 quanta
585 685 642 747 est
671 674 887 771 aequalitas3
924 687 1056 749 contra
1081 700 1170 750 vero
1210 672 1354 776 „L

122 809 256 884 rogare
275 798 413 882 quanta
428 787 477 860 sit
493 787 736 883 inaequalitas,
754 789 955 863 absurdum
972 812 1047 861 non
1065 799 1132 862 est.

173 897 222 972 B.
250 899 324 973 Sed
341 899 527 973 Wallisius
549 900 587 973 in
613 902 744 975 eodem
767 926 846 976 esse
870 903 971 976 dicet
993 901 1171 998 praedica-

122 1025 253 1086 mento
283 1022 363 1086 tum
392 1012 642 1109 aequalitatem
672 1024 751 1087 tum
781 1015 1096 1112 inaequalitatem;
1135 1024 1173 1088 et

121 1125 292 1223 proinde,
326 1127 357 1199 si
390 1126 508 1200 altera
541 1149 668 1202 earnm
702 1128 750 1201 sit
784 1128 984 1225 quantitas,
1019 1128 1172 1203 alteram

122 1239 238 1314 etiam
256 1262 335 1312 esse
351 1242 611 1334 quantitatem.

175 1351 225 1426 A.
255 1351 441 1427 Quidnam
476 1367 533 1428 est
563 1354 655 1428 illud
677 1353 1048 1453 praedicamentum?
1111 1353 1172 1426 An

123 1463 256 1538 domus
282 1476 347 1538 ant
373 1467 557 1562 apotheca
580 1467 713 1563 aliqua,
742 1466 841 1540 unde
870 1490 997 1541 omnes
1021 1466 1172 1562 aequali-

122 1589 221 1651 tates
247 1578 600 1677 inequalitatesque,
633 1579 780 1676 qnando
809 1604 898 1654 usus
927 1579 1010 1671 erit,
1038 1579 1170 1677 depro-

122 1691 269 1765 mendae
286 1692 567 1767 reconduntur?

172 1805 223 1879 B.
251 1805 585 1882 Praedieumentum
604 1820 660 1880 est
677 1806 941 1880 vocabulorum
967 1805 1091 1894 series,
1113 1829 1170 1878 se-

122 1917 285 1991 eundum
310 1919 591 2015 amplitudinem
614 1918 926 2017 significationum
951 1918 998 1992 ab
1025 1918 1170 1992 Aristo-

123 2030 196 2104 tele
214 2031 397 2104 ordinata.

173 2141 222 2218 A.
249 2144 347 2233 Seia,
364 2144 441 2217 seio
457 2144 524 2218 has
541 2168 679 2242 nugas3
705 2143 892 2231 nimirum,
905 2165 951 2214 ex
966 2141 1169 2232 nominum,

122 2256 278 2332 arbitrio
312 2257 536 2348 Aristotelia,
574 2257 807 2331 ordinatione
842 2267 1012 2328 naturam
1046 2279 1171 2329 rerum

123 2369 307 2443 aestimare
332 2370 450 2443 solere
473 2394 548 2460 eos,
577 2370 641 2467 qui
668 2369 818 2465 ingenio
846 2368 995 2464 sapiunt
1023 2368 1170 2453 alieno;

123 2507 221 2572 oum,
240 2495 421 2574 econtra,
452 2508 498 2558 ex
522 2484 735 2582 cognitione
763 2493 905 2556 naturae
933 2482 1079 2578 disponi
1107 2482 1171 2556 de-

123 2597 238 2671 beant
255 2596 335 2693 ipsa
350 2597 510 2671 nomina.

173 2708 221 2784 B.
249 2710 324 2785 Sed
344 2711 457 2785 instat
483 2709 670 2784 Wallisius
702 2719 832 2783 contra
858 2709 932 2782 vim
960 2710 1169 2805 argumenti

123 2825 194 2898 hoe
216 2823 348 2897 modo:
377 2824 424 2896 Si
451 2827 553 2895 ratio
582 2821 813 2919 (equalitatis
840 2822 884 2894 ob
912 2848 992 2896 eum
1019 2847 1169 2896 causam

124 2936 317 3034 quantitas
344 2960 415 3009 non
447 2937 512 3026 ait,
544 2934 641 3032 quod
672 2959 746 3007 unu
781 2935 974 3031 aequalitas
1004 2961 1075 3008 non
1110 2946 1168 3009 ert

124 3049 246 3148 magis
263 3048 461 3147 (equalitas
478 3073 587 3147 quum
605 3047 686 3120 alia
700 3074 715 3130 ;
739 3048 850 3121 etium
868 3047 1028 3146 ungulae
1044 3058 1169 3121 rectus

123 3162 404 3258 quantitatum
421 3162 507 3246 erit,
528 3160 615 3258 quio
641 3184 733 3233 unica
764 3158 925 3258 angulus
953 3170 1079 3233 rectus
1104 3185 1169 3233 nee

124 3274 248 3373 mugio
264 3284 323 3347 ert
340 3274 514 3373 angulus,
532 3299 598 3348 nec
615 3274 747 3368 major,
766 3298 876 3370 quam
894 3272 994 3345 aliua
1011 3282 1145 3345 rectus.

174 3387 224 3462 A.
252 3388 403 3462 Poterat
437 3388 549 3462 etiam
576 3409 731 3482 arguere
760 3387 836 3459 sio:
875 3385 961 3481 qnia
993 3408 1169 3458 numerus

124 3524 188 3575 sex
206 3525 275 3576 nee
292 3503 410 3597 major
434 3526 503 3575 nec
529 3502 649 3573 minor
674 3524 751 3573 esse
774 3513 908 3597 potest,
939 3524 1049 3596 quam
1076 3498 1169 3572 alius

124 3637 299 3688 nnmerns
318 3637 395 3703 sex,
409 3638 583 3687 numerus
600 3614 765 3686 senarius
783 3637 857 3685 non
875 3613 947 3686 erit
969 3612 1168 3707 quantitas,

126 3727 198 3802 Sed
215 3727 452 3802 ratiocinatio
472 3739 628 3824 utraque
645 3727 776 3799 vitiosa
799 3737 867 3799 est.
921 3727 1015 3798 Nam
1046 3725 1083 3796 in
1103 3748 1168 3820 ge-

123 3864 212 3916 nere
234 3840 463 3939 quantitatiS,
482 3853 558 3914 tam
585 3864 666 3935 quae
690 3840 787 3912 inter
811 3862 849 3911 se
874 3837 1030 3934 aequalia
1057 3861 1168 3933 quam

125 3979 206 4053 quae
233 3953 431 4050 inaequalia
452 3965 550 4043 sunt,
576 3953 820 4050 quantitatem
844 3951 1006 4034 habent;
1034 3961 1075 4022 ut
1102 3974 1168 4023 an-

122 4069 229 4165 gulus
248 4081 389 4155 rectus,
406 4066 493 4162 quia
516 4065 674 4163 angulus
698 4065 736 4136 in
756 4087 904 4159 genere,
931 4073 969 4135 et
993 4087 1168 4137 numerus

121 4184 301 4271 senarius,
332 4180 419 4275 quia
448 4204 623 4253 numerus
657 4180 695 4251 in
722 4201 858 4273 genere
886 4187 942 4251 est
969 4176 1167 4273 quantitas.

124 4296 230 4372 Ratio
267 4306 395 4370 autem
430 4294 467 4367 in
500 4317 636 4390 genere
674 4291 859 4389 quantitas
895 4315 969 4364 non
1004 4303 1070 4381 est,
1103 4289 1168 4363 sed
