2946 5010
404 439 718 492 unrnnmamom
739 437 983 492 nominarim.
1134 423 1203 488 231

221 604 270 677 B.
298 604 383 677 Non
400 605 561 678 memini.

221 719 269 791 Α.
297 718 371 791 Cur
388 742 475 814 ergo
489 720 660 815 injuriam
677 719 949 792 nominaremus
963 740 1040 805 nos,
1055 715 1093 789 id
1111 715 1209 812 quod

171 831 412 905 constitueret
431 834 588 906 Senatus
603 833 835 928 Populusque
849 829 1099 926 Anglicanus?

220 944 266 1017 B.
294 946 380 1018 Non
415 948 642 1020 faceremus:
672 948 736 1019 sed
771 946 872 1042 quod
901 967 995 1017 unus
1021 943 1133 1016 homo
1151 943 1209 1015 vel

170 1084 255 1155 pars
272 1060 394 1155 aliqua
416 1063 542 1158 populi
567 1063 727 1157 juberet,
758 1085 833 1133 non
862 1058 1112 1132 dubitaremus
1143 1056 1210 1130 ali·

171 1174 318 1268 quando
337 1174 512 1268 injustum
528 1174 662 1248 dicere.

220 1286 268 1358 Α.
297 1286 397 1361 Quid
415 1301 537 1360 autem
558 1287 731 1383 intelligis
748 1310 814 1382 per
833 1288 1040 1381 injustum?

220 1398 268 1472 B.
298 1399 342 1470 Id
357 1398 457 1494 quod
473 1398 683 1472 factumest
700 1411 831 1472 contra
846 1398 959 1494 leges.

222 1511 273 1583 Α.
299 1511 400 1584 Quid
417 1526 503 1584 sunt
515 1511 642 1609 leges?

221 1624 270 1697 B.
295 1624 403 1696 Jussa
421 1625 591 1713 civitatis,
608 1624 647 1697 id
664 1636 731 1710 est,
746 1626 847 1719 Jussa
864 1626 975 1696 ouriae
992 1623 1067 1696 sive
1093 1636 1210 1696 coetus

172 1736 279 1823 illius,
297 1738 360 1832 qui
378 1762 400 1810 a
416 1738 556 1811 civibus
573 1738 733 1833 eligitur,
747 1750 790 1809 ut
815 1748 932 1809 totam
950 1737 1137 1809 civitatem
1154 1760 1211 1809 re-

172 1863 384 1945 praesentet.
413 1851 498 1923 Non
509 1851 607 1924 enim
624 1874 709 1946 pars
723 1850 915 1922 millesima
933 1850 1068 1922 civium
1079 1851 1212 1923 Roma·

173 1988 305 2036 norum
321 1977 522 2059 potuerunt
539 1966 578 2037 in
592 1966 726 2036 Forum
739 1963 945 2036 convenire.

223 2077 272 2150 A.
300 2079 385 2151 Nou
412 2103 500 2174 ergo
527 2079 589 2151 ille
619 2102 713 2151 unus
737 2079 859 2167 homo,
885 2089 949 2149 aut
978 2101 1063 2174 pars
1084 2077 1211 2174 populi

173 2192 333 2263 habebat
345 2192 537 2287 imperium
557 2216 751 2265 summum.

225 2305 271 2376 B.
300 2305 464 2378 Minime.

226 2418 273 2492 Α.
302 2418 477 2491 Nondum
495 2442 583 2514 ergo
602 2416 806 2506 ostendisti,
824 2418 1001 2512 injustum
1014 2440 1093 2490 esse
1110 2417 1213 2490 habi-

175 2545 255 2605 tum
272 2531 370 2627 quod
383 2532 521 2604 factum
539 2544 632 2605 esta
649 2555 791 2604 summo
811 2531 1027 2626 imperante,
1042 2529 1107 2603 sed
1131 2542 1211 2604 tan-

175 2658 255 2717 tum
283 2646 500 2718 sententiam
525 2657 626 2718 tuam
655 2645 700 2717 de
730 2645 848 2716 forma
872 2644 1061 2739 regiminis
1081 2645 1213 2717 summi

175 2758 426 2847 subindicasti‚
442 2759 488 2831 de
503 2784 574 2854 qua
584 2759 654 2831 hoc
665 2759 746 2831 looo
758 2759 945 2853 disputare
956 2759 1053 2831 nolo.
1083 2759 1212 2832 Dicam

176 2883 333 2960 tantum,
349 2871 447 2966 quod
465 2885 520 2944 est
530 2872 772 2960 verissimum,
787 2873 816 2943 si
829 2872 964 2966 singuli
979 2873 1077 2973 cives
1091 2895 1214 2967 repre-

177 2986 312 3058 sentari
331 3011 369 3058 se
383 2986 560 3081 jusserint
584 2986 630 3057 ab
647 3009 722 3057 uno
750 2985 912 3070 homine,
931 2998 969 3058 et
992 3010 1059 3081 per
1087 3008 1214 3057 conse-

177 3123 303 3194 quens,
322 3099 418 3171 illius
437 3112 532 3171 esset
550 3099 743 3193 imperium
761 3123 955 3186 summum,
973 3098 1012 3170 id
1038 3098 1137 3194 quod
1154 3097 1215 3169 ille

173 3212 325 3306 jusserit
342 3235 416 3283 non
435 3212 553 3283 minus
571 3234 637 3305 pro
651 3213 752 3305 justo
770 3211 979 3283 habendum
998 3234 1088 3294 esse,
1105 3234 1215 3304 quam

178 3325 207 3396 si
225 3325 322 3396 idem
336 3324 504 3419 jussisset
522 3337 668 3395 senatus
682 3335 720 3396 et
736 3323 851 3418 plebs
868 3323 1023 3396 eandem
1041 3323 1217 3395 habentes

178 3437 451 3509 authoritatem.
492 3436 593 3508 Nihil
612 3460 700 3530 ergo
714 3435 750 3507 in
765 3436 917 3530 politica
933 3435 1098 3531 peccavit
1116 3447 1216 3507 certe

178 3550 364 3622 hactenus.

233 3661 274 3734 B.
302 3663 403 3735 Nihil
420 3663 598 3759 profecto.
651 3662 724 3735 Sed
741 3663 898 3757 parturit
918 3665 996 3757 Jam
1014 3661 1160 3756 Anglia,
1178 3674 1218 3733 st

180 3775 249 3847 hoo
275 3777 354 3871 ipso
373 3777 432 3848 die
450 3789 616 3872 speratur
644 3778 832 3849 nascitura
860 3777 934 3848 Pax
961 3789 999 3848 et
1017 3776 1216 3870 imperium

179 3889 346 3959 firmum:
375 3889 485 3984 quod,
502 3890 571 3961 nisi
589 3888 752 3961 ‹lustitia›
771 3889 904 3977 Libra,
927 3888 1089 3961 Gladios
1102 3887 1205 3960 Belli

179 4013 217 4070 et
242 4000 361 4096 Virga
391 4002 531 4072 Schola
559 4003 598 4074 in
622 4003 749 4075 eadem
768 4005 842 4075 sint
864 4027 987 4090 manu,
1003 4003 1218 4074 diuturnum

180 4138 256 4185 osse
276 4114 335 4184 vix
353 4126 486 4208 potest.

231 4228 277 4296 A.
307 4227 431 4298 Finem
450 4252 538 4321 ergo
557 4228 784 4300 sermonibus
814 4229 949 4302 nostris
979 4229 1127 4302 tandem
1153 4230 1216 4301 im·

181 4352 371 4433 ponentes,
387 4341 416 4411 si
441 4341 574 4435 placet,
593 4365 798 4437 surgamus,
816 4354 855 4414 et
877 4366 1069 4438 precemur
1088 4345 1218 4431 Deum,

1242 631 1395 673 vlumus

1249 713 1391 818 ,ιι
