2946 5010
296 423 370 505 278
613 443 667 496 nn
687 442 856 496 urruns
875 441 1006 494 sams.

296 609 336 683 in
369 607 499 682 eadem
536 610 657 708 specie
696 611 860 708 corporis
899 634 975 685 non
1012 609 1177 706 sequitur
1213 609 1336 705 gravis

295 721 441 812 molem,
467 721 532 796 sed
558 723 814 798 altitudinem:
846 745 1068 821 quamquam
1098 723 1144 797 de
1172 721 1336 819 pondere

295 834 401 908 aliter
419 835 650 909 sentiendum
667 848 734 910 est.

344 947 394 1020 B.
421 949 668 1046 Hypothesim
684 959 786 1024 tuam
808 947 854 1021 de
873 947 1172 1046 corpusculorum
1196 959 1335 1021 terreo-

295 1083 377 1135 rum
395 1061 434 1134 in
457 1085 542 1135 uere
566 1073 703 1136 terram
729 1062 915 1137 ambiente
932 1074 1036 1137 motu
1061 1061 1230 1136 circulari
1247 1060 1335 1135 sim-

294 1173 403 1270 plice,
437 1176 632 1249 confirmat
666 1176 814 1273 quidem
852 1176 1143 1273 experimentum
1182 1174 1254 1248 hoc
1287 1174 1334 1248 de

295 1285 426 1382 hydria
442 1286 743 1362 hortulonorum:
769 1288 886 1385 magis
903 1300 1027 1362 tamen
1055 1287 1147 1361 illud
1176 1287 1334 1361 alterum

295 1398 342 1472 de
358 1400 530 1474 machina
546 1425 655 1497 quam
674 1400 784 1475 modo
804 1401 1040 1496 descripsisti,
1053 1400 1092 1473 in
1110 1424 1183 1497 qua
1198 1400 1336 1497 injecta

293 1536 361 1610 per
377 1513 451 1587 vim
465 1537 560 1610 aqua
577 1538 701 1588 rursus
714 1516 869 1610 ejicitur.
905 1514 1088 1588 Machinae
1105 1525 1229 1588 autem
1246 1514 1335 1588 arti-

294 1627 400 1700 ficem
418 1628 515 1702 nori.

344 1740 394 1814 A.
421 1741 555 1815 Nonne
572 1751 610 1816 et
627 1741 688 1815 ille
705 1764 800 1815 unus
815 1752 872 1814 est
889 1763 935 1813 ex
952 1739 1102 1837 collegis
1116 1739 1217 1814 tuis?

343 1853 393 1928 B.
420 1854 586 1929 Minime.
646 1855 713 1928 Ilst
731 1855 829 1928 enim
855 1853 1143 1950 machinopoeus,
1161 1877 1238 1928 non
1254 1853 1335 1950 phi·

293 1965 478 2064 losophus.

346 2083 395 2156 Α.
423 2083 612 2179 Siquidem
645 2081 876 2180 philosophia
905 2082 955 2156 sit
987 2082 1047 2177 (ut
1080 2082 1150 2176 cst)
1179 2083 1335 2157 scientia

294 2221 497 2285 causarum,
516 2220 589 2292 quo
607 2197 723 2293 magis
744 2196 952 2293 philosophi
980 2196 1140 2270 habendi
1166 2207 1252 2269 sunt
1279 2194 1334 2268 ssli

294 2311 357 2406 qui
385 2309 570 2384 machinas
597 2309 646 2382 ad
668 2310 919 2405 experimenta
947 2306 1156 2382 commodas
1184 2308 1333 2381 invene·

293 2435 393 2509 runt,
411 2422 745 2519 experimentorum
763 2445 890 2495 causus
904 2421 1119 2511 nescientes,
1136 2445 1246 2518 quam
1273 2421 1334 2495 hic

294 2537 357 2634 qui
374 2560 501 2609 causas
519 2537 684 2608 nesciens
706 2534 931 2629 excogitavit
957 2533 1168 2608 machinas?
1220 2534 1334 2606 Diffe-

294 2651 415 2721 rentia
428 2651 525 2721 enim
537 2648 638 2721 nulla
651 2650 712 2720 hic
728 2659 796 2737 est,
808 2648 877 2720 nisi
890 2649 988 2743 quod
1001 2649 1093 2721 alter
1106 2647 1204 2743 quod
1216 2648 1334 2722 nescit

294 2763 435 2834 nescire
449 2762 647 2850 solaretur,
667 2762 772 2834 alteri
787 2785 860 2833 non
876 2762 1051 2834 fatentur.

344 2874 392 2946 B.
420 2876 506 2948 Post
523 2898 627 2971 aquae
652 2886 689 2947 et
710 2875 804 2946 aeris
825 2886 973 2947 naturas
1000 2875 1236 2960 examinatas,
1254 2898 1334 2968 per·

294 3011 423 3082 gamus
452 2987 498 3077 (si
523 2988 575 3060 ita
594 2988 662 3079 vis)
696 2986 744 3060 ad
774 2998 942 3060 naturam
969 2988 1075 3082 ignis.
1127 2988 1175 3059 Et
1202 2987 1332 3082 primu,

295 3100 391 3196 ignis
410 3099 592 3196 quidest?
644 3101 787 3196 Corpus
804 3125 851 3172 an
869 3100 1063 3173 accidens?

346 3213 395 3285 Α.
424 3214 497 3287 Qui
531 3214 665 3308 ignem,
684 3226 721 3285 et
745 3215 895 3286 effectus
926 3214 1014 3309 ejus,
1038 3213 1202 3310 quotidie
1231 3214 1335 3288 vides

296 3336 332 3399 et
356 3327 469 3399 sentis
493 3339 531 3399 et
558 3327 736 3414 nominas
759 3327 873 3399 tibine
892 3351 983 3422 opus
1004 3340 1061 3400 est
1082 3339 1124 3400 ut
1149 3327 1247 3400 dicat
1271 3329 1334 3401 ali·

297 3440 377 3535 quis
392 3439 480 3535 quid
497 3439 571 3511 sit?

347 3553 394 3624 B.
423 3554 500 3648 Ego
518 3553 641 3648 ignem
659 3551 734 3625 vidi
753 3552 830 3625 sine
842 3553 995 3626 materia
1006 3553 1334 3650 ignitanunquam.

297 3666 464 3761 Lignum,
500 3667 709 3754 carbonem,
751 3665 902 3751 ferrum,
945 3668 1137 3740 materiam
1177 3669 1336 3765 denique

296 3802 562 3873 quamcunque,
577 3779 607 3850 si
621 3778 817 3850 candescat
828 3792 865 3852 et
878 3779 1077 3868 calefaciat,
1090 3781 1209 3876 ignem
1223 3806 1335 3855 voco:

296 3904 334 3963 et
352 3904 393 3964 tu
410 3915 565 3987 quoque.
616 3891 710 3963 Mihi
724 3915 810 3985 ergo
826 3891 969 3963 videtur
986 3892 1081 3987 iguis
1098 3918 1229 3989 corpus
1244 3919 1335 3985 esse,

296 4004 354 4075 vel
380 4005 502 4099 potius
530 4005 645 4076 multa
670 4004 776 4076 simul
802 4005 840 4076 in
866 4005 977 4100 lign0‚
997 4006 1054 4077 vel
1081 4006 1152 4079 alia
1181 4009 1337 4082 materia

296 4115 423 4210 ignita,
443 4117 658 4213 corpuscula
676 4118 793 4213 ignea.

348 4229 395 4300 Α.
424 4230 497 4302 Sed
510 4230 725 4325 corpuscula
741 4230 803 4302 illa
817 4241 948 4303 suntne
967 4230 1109 4326 ignita?

349 4341 397 4414 B.
425 4342 509 4414 Non
527 4343 653 4438 ignita,
668 4343 732 4415 sed
748 4343 842 4438 ignis
861 4368 991 4417 merus
