2946 5010
467 401 800 453 oaomnrnnnum.
1078 386 1152 451 403

111 584 193 634 rum
227 586 302 636 non
336 565 488 661 negabit
522 566 698 663 angulum
731 565 868 637 habere
896 564 1151 660 quantitatem,
1191 593 1335 634 crana.

93 680 230 770 'neque
249 676 339 750 duas
358 678 583 775 quantitates
604 677 784 774 (ejusdem
806 677 952 771 generis
975 677 1149 772 proximi)

112 789 331 884 compositas
341 790 476 864 habere
488 793 730 886 quantitatem
741 790 848 863 nnius
862 789 1021 884 duplam,
1034 813 1152 885 neque

113 901 204 974 duos
222 903 375 998 angulos
392 904 504 992 ACD,
516 904 611 976 ACE
625 927 704 976 esse
717 927 802 975 vere
820 903 974 998 angulos
988 902 1153 997 ejusdem

112 1015 269 1110 generis.
322 1016 518 1090 Quomodo
536 1041 624 1112 ergo
641 1016 793 1113 negabit
818 1017 908 1089 duas
936 1029 1056 1088 rectas
1074 1015 1151 1106 CD,

113 1126 173 1199 ΟΕ
191 1128 416 1201 constituere
435 1128 527 1202 duos
544 1129 697 1224 angulos
714 1142 847 1217 rectos,
865 1129 941 1202 sive
958 1153 1072 1201 unum
1089 1153 1152 1201 an·

111 1241 238 1337 gulum
256 1242 348 1314 recti
372 1242 551 1338 duplum?
604 1242 804 1315 Continent
828 1265 916 1338 ergo
940 1239 1023 1314 duae
1040 1255 1152 1315 rectae

113 1354 189 1443 CD,
215 1354 290 1442 ΟΕ,
318 1379 528 1451 quanquam
565 1356 604 1428 in
636 1356 815 1428 directum
845 1355 1034 1428 collocatae
1068 1356 1153 1442 sint,

111 1467 299 1563 angulum.
366 1456 368 1461 ⁴

163 1580 365 1668 Postremo,
396 1580 542 1655 Clarius
577 1581 830 1655 definitionem
863 1580 959 1654 hanc
989 1579 1152 1654 Euclidis

112 1717 297 1789 exponens
315 1694 367 1766 sic
384 1694 534 1768 scribit:
561 1695 775 1768 “Consistit
797 1704 922 1767 autem
946 1693 1071 1789 anguli
1089 1717 1153 1767 cu-

109 1807 225 1901 jusvis
240 1806 424 1902 quantitas
437 1807 476 1880 in
491 1807 568 1880 sola
584 1807 835 1895 inclinatione,
849 1831 924 1880 non
938 1808 977 1880 in
994 1806 1154 1901 longitu-

115 1919 211 2008 dine,
245 1920 446 1994 linearum:
483 1922 588 1994 lineae
617 1922 717 1995 enim
743 1921 889 2016 longius
919 1929 1153 1993 excurrentes

114 2058 190 2105 non
207 2044 343 2129 augent
360 2059 462 2108 suam
480 2034 777 2119 inclinationem
803 2034 917 2130 igitur
942 2057 1061 2129 neque
1088 2057 1156 2107 an·

114 2146 191 2241 guli
208 2147 532 2242 magnitudinem.’'
585 2149 686 2224 Quid
708 2172 796 2243 ergo
814 2171 905 2243 opus
926 2157 982 2220 est
1005 2147 1155 2220 omnino

115 2259 163 2331 ad
194 2261 387 2333 essentiam
417 2262 542 2358 anguli
572 2262 704 2336 lineis:
741 2285 823 2357 quae
856 2260 974 2333 minui
1002 2271 1156 2357 possunt

115 2373 233 2445 ambae
250 2373 289 2444 in
310 2373 507 2460 infinitum,
526 2375 627 2448 salva
643 2374 852 2471 quantitate
874 2386 912 2446 et
934 2385 1068 2446 natura
1089 2396 1155 2444 an-

115 2485 217 2581 guli?
269 2486 392 2559 Etiam
425 2488 464 2560 in
499 2488 634 2584 angulo
670 2498 872 2575 contactus
903 2487 935 2560 si
969 2487 1156 2560 minuatur

115 2621 223 2670 arcus
241 2599 291 2673 IC
312 2611 489 2695 quantum
512 2601 592 2673 fieri
617 2613 751 2696 potest,
770 2623 937 2696 quaenam
961 2600 1032 2673 erit
1055 2599 1156 2672 diffe-

115 2711 236 2785 rentia
263 2712 360 2786 inter
387 2713 541 2808 angulos
569 2713 666 2786 DCC
696 2725 734 2787 et
761 2712 886 2786 1)th
940 2714 1041 2786 Scire
1068 2712 1155 2785 hinc

115 2836 221 2920 potes
235 2850 282 2898 an
297 2827 543 2900 accuratiores
561 2828 789 2901 acutioresve
801 2827 875 2901 sint
892 2826 1154 2914 mathematici,

116 2962 227 3031 quam
243 2939 396 3013 aliarum
414 2943 549 3014 artium
567 2942 731 3016 studiosi.

166 3052 296 3124 Restat
309 3064 350 3125 nt
367 3054 491 3148 anguli
504 3055 602 3150 plani
619 3067 789 3128 naturam
803 3055 992 3151 explicem,
1006 3064 1043 3126 et
1060 3054 1156 3127 inter

116 3164 291 3259 angulum
309 3177 502 3238 contactus
520 3178 558 3238 et
575 3166 750 3261 angulum
767 3190 812 3239 ex
829 3166 1067 3239 circulatione
1085 3165 1156 3237 dis·

117 3276 307 3370 tinguam:
335 3289 372 3350 et
397 3291 592 3374 utramque
618 3279 789 3351 definiam
816 3279 846 3351 si
863 3288 992 3376 potero
1011 3277 1156 3366 clarius,

117 3389 335 3477 accuratius,
349 3402 388 3461 et
404 3389 451 3462 ad
469 3413 574 3462 usum
587 3391 852 3486 geometricum
870 3388 1157 3463 accomodatius.

169 3501 304 3573 Centro
323 3501 368 3589 Α,
385 3513 490 3574 motu
506 3501 601 3574 radii
618 3501 696 3590 AB,
715 3500 971 3575 describantur
994 3500 1067 3574 duo
1086 3500 1157 3572 cir-

120 3613 192 3685 culi
211 3612 444 3701 BCD,EFG:
471 3637 592 3708 neque
615 3614 727 3687 refert
750 3627 876 3687 utrum
893 3614 960 3687 AB
984 3615 1032 3688 sit
1056 3624 1159 3687 recta

119 3750 166 3798 an
186 3749 308 3815 curva,
329 3727 454 3823 quales
479 3739 566 3800 sunt
590 3750 713 3799 curvae
735 3727 881 3820 punctis
908 3727 1062 3823 signatae
1080 3726 1157 3815 AB,

119 3840 211 3928 AH;
238 3864 323 3912 nam
341 3841 487 3912 easdem
514 3839 728 3913 describunt
751 3851 830 3912 tum
855 3842 1064 3937 superficies
1080 3852 1160 3913 tum

119 3953 246 4026 lineas.
298 3954 346 4026 Et
369 3978 392 4026 a
412 3966 539 4027 centro
566 3954 615 4026 ad
642 3953 974 4027 circumferentiam
1005 3952 1160 4025 ducatur

120 4078 223 4139 recta
252 4066 324 4138 AH
352 4079 551 4163 utcunque,
578 4090 705 4140 secans
735 4066 912 4139 circulum
940 4066 1032 4139 EFG
1062 4067 1099 4138 in
1129 4067 1159 4140 1.

122 4181 225 4252 Facit
242 4204 330 4276 ergo
357 4179 435 4269 ΑΒ,
453 4204 519 4275 per
536 4193 677 4253 motum
696 4179 912 4252 circularem
929 4177 978 4251 ad
995 4178 1080 4267 AH,
1098 4203 1160 4251 au·

121 4293 247 4387 gulum
267 4293 392 4366 BAH:
419 4306 456 4366 et
473 4317 631 4389 pergens
649 4291 697 4366 ad
716 4293 757 4380 C,
774 4291 865 4364 facit
893 4292 1068 4388 angulum
1085 4316 1162 4366 ma-

964 4427 991 4478 n
1004 4428 1030 4478 n
1047 4430 1063 4476 a

1122 663 1335 695 .*--e—-³

1198 721 1233 764 Da
1242 720 1330 778 angulo.
