<?xml version="1.0" encoding="UTF-8"?>
<!DOCTYPE html PUBLIC "-//W3C//DTD XHTML 1.0 Transitional//EN"
    "http://www.w3.org/TR/xhtml1/DTD/xhtml1-transitional.dtd">
<html xmlns="http://www.w3.org/1999/xhtml" xml:lang="en" lang="en">
 <head>
  <title>
</title>
<meta http-equiv="Content-Type" content="text/html;charset=utf-8" />
  <meta name='ocr-system' content='tesseract 3.04.00' />
  <meta name='ocr-capabilities' content='ocr_page ocr_carea ocr_par ocr_line ocrx_word'/>
</head>
<body>
  <div class='ocr_page' id='page_1' title='image "./thomhobbesmalme01hobbgoog_0042.png"; bbox 0 0 2946 5010; ppageno 0'>
   <div class='ocr_carea' id='block_1_1' title="bbox 347 409 1160 479">
    <p class='ocr_par' dir='ltr' id='par_1_1' title="bbox 347 409 1160 479">
     <span class='ocr_line' id='line_1_1' title="bbox 347 409 1160 479; baseline -0.007 0"><span class='ocrx_word' id='word_1_1' title='bbox 347 425 663 479; x_wconf 76' lang='lat' dir='ltr'>MATHEMATIOAE</span> <span class='ocrx_word' id='word_1_2' title='bbox 684 425 927 478; x_wconf 81' lang='lat' dir='ltr'>HODIERNAE.</span> <span class='ocrx_word' id='word_1_3' title='bbox 1117 409 1160 474; x_wconf 83' lang='lat'><em>31</em></span> 
     </span>
    </p>
   </div>
   <div class='ocr_carea' id='block_1_2' title="bbox 123 591 1355 4181">
    <p class='ocr_par' dir='ltr' id='par_1_2' title="bbox 123 591 1355 801">
     <span class='ocr_line' id='line_1_2' title="bbox 123 591 1355 688; baseline -0.011 -19"><span class='ocrx_word' id='word_1_4' title='bbox 123 606 213 678; x_wconf 80' lang='lat' dir='ltr'><em>trae3</em></span> <span class='ocrx_word' id='word_1_5' title='bbox 236 601 279 665; x_wconf 91' lang='lat' dir='ltr'><em>nt</em></span> <span class='ocrx_word' id='word_1_6' title='bbox 289 592 401 666; x_wconf 84' lang='lat' dir='ltr'><em>etiam</em></span> <span class='ocrx_word' id='word_1_7' title='bbox 411 614 551 681; x_wconf 92' lang='lat' dir='ltr'><em>omnes,</em></span> <span class='ocrx_word' id='word_1_8' title='bbox 562 591 625 687; x_wconf 91' lang='lat' dir='ltr'><em>qni</em></span> <span class='ocrx_word' id='word_1_9' title='bbox 635 591 909 666; x_wconf 89' lang='lat' dir='ltr'><em>multitudinem</em></span> <span class='ocrx_word' id='word_1_10' title='bbox 919 615 1030 688; x_wconf 91' lang='lat' dir='ltr'><em>qnam</em></span> <span class='ocrx_word' id='word_1_11' title='bbox 1039 591 1167 664; x_wconf 83' lang='lat' dir='ltr'><em>vident</em></span> <span class='ocrx_word' id='word_1_12' title='bbox 1204 612 1355 656; x_wconf 69' lang='lat' dir='ltr'><em>arraona</em></span> 
     </span>
     <span class='ocr_line' id='line_1_3' title="bbox 123 694 1351 801; baseline -0.004 -20"><span class='ocrx_word' id='word_1_13' title='bbox 123 728 319 781; x_wconf 88' lang='lat' dir='ltr'><em>numerare</em></span> <span class='ocrx_word' id='word_1_14' title='bbox 336 716 502 801; x_wconf 87' lang='lat' dir='ltr'>possunt,</span> <span class='ocrx_word' id='word_1_15' title='bbox 520 717 619 794; x_wconf 91' lang='lat' dir='ltr'><em>sunt,</em></span> <span class='ocrx_word' id='word_1_16' title='bbox 636 713 678 777; x_wconf 90' lang='lat' dir='ltr'><em>nt</em></span> <span class='ocrx_word' id='word_1_17' title='bbox 694 704 767 794; x_wconf 90' lang='lat' dir='ltr'><em>ille,</em></span> <span class='ocrx_word' id='word_1_18' title='bbox 786 705 1022 779; x_wconf 84' lang='lat' dir='ltr'><strong>arithmetici.</strong></span> <span class='ocrx_word' id='word_1_19' title='bbox 1208 694 1351 800; x_wconf 47' lang='lat' dir='ltr'><em>„L</em></span> 
     </span>
    </p>

    <p class='ocr_par' dir='ltr' id='par_1_3' title="bbox 123 814 1172 1257">
     <span class='ocr_line' id='line_1_4' title="bbox 173 814 1170 913; baseline -0.002 -24"><span class='ocrx_word' id='word_1_20' title='bbox 173 817 221 891; x_wconf 87' lang='lat' dir='ltr'><em>B.</em></span> <span class='ocrx_word' id='word_1_21' title='bbox 249 816 324 891; x_wconf 85' lang='lat' dir='ltr'><em>Sed</em></span> <span class='ocrx_word' id='word_1_22' title='bbox 350 840 416 913; x_wconf 89' lang='lat' dir='ltr'><em>per</em></span> <span class='ocrx_word' id='word_1_23' title='bbox 442 815 800 890; x_wconf 73' lang='lat' dir='ltr'><em>mensurabilitatem</em></span> <span class='ocrx_word' id='word_1_24' title='bbox 826 826 864 890; x_wconf 90' lang='lat' dir='ltr'><em>et</em></span> <span class='ocrx_word' id='word_1_25' title='bbox 889 814 1170 890; x_wconf 81' lang='lat' dir='ltr'><em>numerabilite-</em></span> 
     </span>
     <span class='ocr_line' id='line_1_5' title="bbox 125 925 1170 1027; baseline -0.007 -22"><span class='ocrx_word' id='word_1_26' title='bbox 125 941 210 1018; x_wconf 71' lang='lat' dir='ltr'><em>tem</em></span> <span class='ocrx_word' id='word_1_27' title='bbox 223 928 429 1026; x_wconf 90' lang='lat' dir='ltr'><em>intelligere</em></span> <span class='ocrx_word' id='word_1_28' title='bbox 443 951 482 1001; x_wconf 89' lang='lat' dir='ltr'><em>se</em></span> <span class='ocrx_word' id='word_1_29' title='bbox 495 928 597 1018; x_wconf 89' lang='lat' dir='ltr'><em>dicit,</em></span> <span class='ocrx_word' id='word_1_30' title='bbox 612 928 784 1026; x_wconf 86' lang='lat' dir='ltr'><em>quiequid</em></span> <span class='ocrx_word' id='word_1_31' title='bbox 794 929 849 1002; x_wconf 87' lang='lat' dir='ltr'><em>ad</em></span> <span class='ocrx_word' id='word_1_32' title='bbox 859 954 983 1004; x_wconf 85' lang='lat' dir='ltr'><em>eorum</em></span> <span class='ocrx_word' id='word_1_33' title='bbox 996 925 1170 1027; x_wconf 79' lang='lat' dir='ltr'><em>singulae</em></span> 
     </span>
     <span class='ocr_line' id='line_1_6' title="bbox 125 1040 1172 1141; baseline -0.004 -24"><span class='ocrx_word' id='word_1_34' title='bbox 125 1043 342 1140; x_wconf 77' lang='lat' dir='ltr'><em>affectiones·</em></span> <span class='ocrx_word' id='word_1_35' title='bbox 358 1052 396 1115; x_wconf 89' lang='lat' dir='ltr'><em>et</em></span> <span class='ocrx_word' id='word_1_36' title='bbox 409 1041 643 1116; x_wconf 74' lang='lat' dir='ltr'><em>habitudines</em></span> <span class='ocrx_word' id='word_1_37' title='bbox 670 1042 952 1141; x_wconf 78' lang='lat' dir='ltr'><em>investigandae</em></span> <span class='ocrx_word' id='word_1_38' title='bbox 973 1052 1011 1117; x_wconf 88' lang='lat' dir='ltr'><em>et</em></span> <span class='ocrx_word' id='word_1_39' title='bbox 1033 1040 1172 1115; x_wconf 84' lang='lat' dir='ltr'><em>intelli-</em></span> 
     </span>
     <span class='ocr_line' id='line_1_7' title="bbox 123 1154 435 1257; baseline -0.013 -25"><span class='ocrx_word' id='word_1_40' title='bbox 123 1157 273 1257; x_wconf 79' lang='lat' dir='ltr'><em>gendaa</em></span> <span class='ocrx_word' id='word_1_41' title='bbox 290 1154 435 1229; x_wconf 79' lang='lat' dir='ltr'><em>attinet.</em></span> 
     </span>
    </p>

    <p class='ocr_par' dir='ltr' id='par_1_4' title="bbox 128 1266 1286 4181">
     <span class='ocr_line' id='line_1_8' title="bbox 181 1266 1174 1365; baseline -0.004 -22"><span class='ocrx_word' id='word_1_42' title='bbox 181 1270 230 1344; x_wconf 85' lang='grc' dir='ltr'><em>Α.</em></span> <span class='ocrx_word' id='word_1_43' title='bbox 256 1269 386 1365; x_wconf 90' lang='lat' dir='ltr'><em>Itaque</em></span> <span class='ocrx_word' id='word_1_44' title='bbox 402 1290 470 1364; x_wconf 89' lang='lat' dir='ltr'><em>per</em></span> <span class='ocrx_word' id='word_1_45' title='bbox 486 1291 703 1341; x_wconf 73' lang='lat' dir='ltr'><em>mensurare</em></span> <span class='ocrx_word' id='word_1_46' title='bbox 726 1279 764 1342; x_wconf 96' lang='lat' dir='ltr'><em>et</em></span> <span class='ocrx_word' id='word_1_47' title='bbox 781 1291 976 1341; x_wconf 86' lang='lat' dir='ltr'><em>numerare</em></span> <span class='ocrx_word' id='word_1_48' title='bbox 997 1266 1174 1361; x_wconf 89' lang='lat' dir='ltr'><em>intelligit</em></span> 
     </span>
     <span class='ocr_line' id='line_1_9' title="bbox 129 1379 1174 1479; baseline -0.008 -21"><span class='ocrx_word' id='word_1_49' title='bbox 129 1383 402 1458; x_wconf 71' lang='lat' dir='ltr'><em>demonstrare.</em></span> <span class='ocrx_word' id='word_1_50' title='bbox 453 1380 581 1454; x_wconf 87' lang='lat' dir='ltr'><strong>Voluit</strong></span> <span class='ocrx_word' id='word_1_51' title='bbox 604 1393 705 1455; x_wconf 86' lang='lat' dir='ltr'><em>certe</em></span> <span class='ocrx_word' id='word_1_52' title='bbox 722 1381 820 1455; x_wconf 91' lang='lat' dir='ltr'><em>idem</em></span> <span class='ocrx_word' id='word_1_53' title='bbox 838 1380 939 1479; x_wconf 93' lang='lat' dir='ltr'><em>qnod</em></span> <span class='ocrx_word' id='word_1_54' title='bbox 956 1392 1012 1455; x_wconf 88' lang='lat' dir='ltr'><em>est</em></span> <span class='ocrx_word' id='word_1_55' title='bbox 1029 1379 1067 1452; x_wconf 94' lang='lat' dir='ltr'><em>in</em></span> <span class='ocrx_word' id='word_1_56' title='bbox 1085 1379 1174 1451; x_wconf 90' lang='lat' dir='ltr'><em>defi-</em></span> 
     </span>
     <span class='ocr_line' id='line_1_10' title="bbox 128 1493 1286 1592; baseline -0.006 -22"><span class='ocrx_word' id='word_1_57' title='bbox 128 1496 271 1570; x_wconf 91' lang='lat' dir='ltr'><em>nitione</em></span> <span class='ocrx_word' id='word_1_58' title='bbox 301 1517 394 1585; x_wconf 86' lang='lat' dir='ltr'><em>mea,</em></span> <span class='ocrx_word' id='word_1_59' title='bbox 427 1493 601 1590; x_wconf 86' lang='lat' dir='ltr'><em>quiequid</em></span> <span class='ocrx_word' id='word_1_60' title='bbox 624 1494 910 1592; x_wconf 83' lang='lat' dir='ltr'><em>magnitudinem</em></span> <span class='ocrx_word' id='word_1_61' title='bbox 941 1493 1174 1582; x_wconf 77' lang='lat' dir='ltr'><em>determinat,</em></span> <span class='ocrx_word' id='word_1_62' title='bbox 1282 1568 1286 1572; x_wconf 67' lang='grc'>,</span> 
     </span>
     <span class='ocr_line' id='line_1_11' title="bbox 130 1604 1176 1705; baseline -0.006 -24"><span class='ocrx_word' id='word_1_63' title='bbox 130 1609 209 1682; x_wconf 77' lang='lat' dir='ltr'><em>aiae</em></span> <span class='ocrx_word' id='word_1_64' title='bbox 218 1605 331 1705; x_wconf 87' lang='lat' dir='ltr'><em>facit</em></span> <span class='ocrx_word' id='word_1_65' title='bbox 358 1605 559 1703; x_wconf 75' lang='lat' dir='ltr'><em>cognitam.</em></span> <span class='ocrx_word' id='word_1_66' title='bbox 611 1605 684 1679; x_wconf 86' lang='lat' dir='ltr'><em>Sed</em></span> <span class='ocrx_word' id='word_1_67' title='bbox 706 1605 901 1702; x_wconf 80' lang='lat' dir='ltr'><em>quiaillud</em></span> <span class='ocrx_word' id='word_1_68' title='bbox 917 1630 993 1679; x_wconf 96' lang='lat' dir='ltr'><em>non</em></span> <span class='ocrx_word' id='word_1_69' title='bbox 1009 1604 1176 1678; x_wconf 82' lang='lat' dir='ltr'><em>intellex-</em></span> 
     </span>
     <span class='ocr_line' id='line_1_12' title="bbox 131 1717 1176 1816; baseline -0.007 -20"><span class='ocrx_word' id='word_1_70' title='bbox 131 1733 225 1811; x_wconf 90' lang='lat' dir='ltr'><em>erat,</em></span> <span class='ocrx_word' id='word_1_71' title='bbox 235 1718 359 1816; x_wconf 93' lang='lat' dir='ltr'><em>eloqui</em></span> <span class='ocrx_word' id='word_1_72' title='bbox 371 1741 446 1790; x_wconf 94' lang='lat' dir='ltr'><em>non</em></span> <span class='ocrx_word' id='word_1_73' title='bbox 458 1717 753 1813; x_wconf 82' lang='lat' dir='ltr'><em>potuit-Quod</em></span> <span class='ocrx_word' id='word_1_74' title='bbox 763 1719 854 1792; x_wconf 79' lang='lat' dir='ltr'><em>illas</em></span> <span class='ocrx_word' id='word_1_75' title='bbox 866 1728 988 1792; x_wconf 88' lang='lat' dir='ltr'><em>autem</em></span> <span class='ocrx_word' id='word_1_76' title='bbox 998 1717 1176 1791; x_wconf 75' lang='lat' dir='ltr'><em>scientiae</em></span> 
     </span>
     <span class='ocr_line' id='line_1_13' title="bbox 133 1831 1178 1928; baseline -0.006 -20"><span class='ocrx_word' id='word_1_77' title='bbox 133 1833 309 1922; x_wconf 74' lang='lat' dir='ltr'><em>dixerim,</em></span> <span class='ocrx_word' id='word_1_78' title='bbox 327 1840 474 1905; x_wconf 84' lang='lat' dir='ltr'><em>nonest</em></span> <span class='ocrx_word' id='word_1_79' title='bbox 498 1853 566 1904; x_wconf 86' lang='lat' dir='ltr'><em>aar</em></span> <span class='ocrx_word' id='word_1_80' title='bbox 583 1831 772 1928; x_wconf 81' lang='lat' dir='ltr'><em>quiequam</em></span> <span class='ocrx_word' id='word_1_81' title='bbox 789 1833 957 1921; x_wconf 87' lang='lat' dir='ltr'><em>miretur,</em></span> <span class='ocrx_word' id='word_1_82' title='bbox 975 1835 1039 1906; x_wconf 79' lang='lat' dir='ltr'><em>&amp;a</em></span> <span class='ocrx_word' id='word_1_83' title='bbox 1092 1831 1178 1902; x_wconf 87' lang='lat' dir='ltr'><em>Ha-</em></span> 
     </span>
     <span class='ocr_line' id='line_1_14' title="bbox 135 1942 1179 2043; baseline -0.005 -24"><span class='ocrx_word' id='word_1_84' title='bbox 135 1945 217 2019; x_wconf 82' lang='lat' dir='ltr'><em>bent</em></span> <span class='ocrx_word' id='word_1_85' title='bbox 230 1945 326 2019; x_wconf 84' lang='lat' dir='ltr'><em>enim</em></span> <span class='ocrx_word' id='word_1_86' title='bbox 339 1942 521 2040; x_wconf 81' lang='lat' dir='ltr'><em>subjecta,</em></span> <span class='ocrx_word' id='word_1_87' title='bbox 532 1944 741 2043; x_wconf 81' lang='lat' dir='ltr'><em>principia,</em></span> <span class='ocrx_word' id='word_1_88' title='bbox 759 1953 796 2017; x_wconf 87' lang='lat' dir='ltr'><em>et</em></span> <span class='ocrx_word' id='word_1_89' title='bbox 810 1945 1033 2039; x_wconf 71' lang='lat' dir='ltr'><em>affectiones,</em></span> <span class='ocrx_word' id='word_1_90' title='bbox 1046 1967 1179 2039; x_wconf 84' lang='lat' dir='ltr'><em>easque</em></span> 
     </span>
     <span class='ocr_line' id='line_1_15' title="bbox 135 2054 1178 2154; baseline -0.007 -21"><span class='ocrx_word' id='word_1_91' title='bbox 135 2060 182 2133; x_wconf 86' lang='lat' dir='ltr'><em>de</em></span> <span class='ocrx_word' id='word_1_92' title='bbox 197 2057 386 2154; x_wconf 77' lang='lat' dir='ltr'><em>subjectis,</em></span> <span class='ocrx_word' id='word_1_93' title='bbox 399 2055 772 2130; x_wconf 67' lang='lat' dir='ltr'><em>demonstrationibus</em></span> <span class='ocrx_word' id='word_1_94' title='bbox 788 2057 946 2131; x_wconf 75' lang='lat' dir='ltr'><em>manime</em></span> <span class='ocrx_word' id='word_1_95' title='bbox 962 2054 1178 2150; x_wconf 62' lang='lat' dir='ltr'><em>scientificae</em></span> 
     </span>
     <span class='ocr_line' id='line_1_16' title="bbox 136 2168 1180 2265; baseline -0.008 -19"><span class='ocrx_word' id='word_1_96' title='bbox 136 2169 569 2246; x_wconf 72' lang='lat' dir='ltr'><em>demonstratae—Vera</em></span> <span class='ocrx_word' id='word_1_97' title='bbox 603 2169 763 2265; x_wconf 90' lang='lat' dir='ltr'><em>quidem,</em></span> <span class='ocrx_word' id='word_1_98' title='bbox 799 2170 985 2243; x_wconf 88' lang='lat' dir='ltr'><em>nesciente</em></span> <span class='ocrx_word' id='word_1_99' title='bbox 1016 2168 1090 2256; x_wconf 90' lang='lat' dir='ltr'><em>illo,</em></span> <span class='ocrx_word' id='word_1_100' title='bbox 1123 2178 1180 2239; x_wconf 89' lang='lat' dir='ltr'><em>est</em></span> 
     </span>
     <span class='ocr_line' id='line_1_17' title="bbox 137 2277 1181 2380; baseline -0.008 -21"><span class='ocrx_word' id='word_1_101' title='bbox 137 2283 420 2379; x_wconf 86' lang='lat' dir='ltr'><em>consequentia;</em></span> <span class='ocrx_word' id='word_1_102' title='bbox 446 2293 486 2355; x_wconf 90' lang='lat' dir='ltr'><em>at</em></span> <span class='ocrx_word' id='word_1_103' title='bbox 499 2282 529 2355; x_wconf 88' lang='lat' dir='ltr'><em>si</em></span> <span class='ocrx_word' id='word_1_104' title='bbox 542 2305 613 2354; x_wconf 85' lang='lat' dir='ltr'><em>vox</em></span> <span class='ocrx_word' id='word_1_105' title='bbox 621 2282 818 2380; x_wconf 81' lang='lat' dir='ltr'><em>principia</em></span> <span class='ocrx_word' id='word_1_106' title='bbox 834 2282 873 2355; x_wconf 92' lang='lat' dir='ltr'><em>id</em></span> <span class='ocrx_word' id='word_1_107' title='bbox 886 2281 1068 2378; x_wconf 89' lang='lat' dir='ltr'><em>significat</em></span> <span class='ocrx_word' id='word_1_108' title='bbox 1081 2277 1181 2376; x_wconf 93' lang='lat' dir='ltr'><em>quod</em></span> 
     </span>
     <span class='ocr_line' id='line_1_18' title="bbox 136 2393 1182 2492; baseline -0.006 -21"><span class='ocrx_word' id='word_1_109' title='bbox 136 2399 216 2471; x_wconf 87' lang='lat' dir='ltr'><em>vult</em></span> <span class='ocrx_word' id='word_1_110' title='bbox 241 2397 333 2492; x_wconf 90' lang='lat' dir='ltr'><em>ipse,</em></span> <span class='ocrx_word' id='word_1_111' title='bbox 363 2419 450 2468; x_wconf 89' lang='lat' dir='ltr'><em>vera</em></span> <span class='ocrx_word' id='word_1_112' title='bbox 479 2407 646 2468; x_wconf 89' lang='lat' dir='ltr'><em>nonest.</em></span> <span class='ocrx_word' id='word_1_113' title='bbox 700 2395 824 2469; x_wconf 86' lang='lat' dir='ltr'><em>Habet</em></span> <span class='ocrx_word' id='word_1_114' title='bbox 850 2408 950 2469; x_wconf 88' lang='lat' dir='ltr'><em>certe</em></span> <span class='ocrx_word' id='word_1_115' title='bbox 979 2393 1182 2492; x_wconf 85' lang='lat' dir='ltr'><em>geometria</em></span> 
     </span>
     <span class='ocr_line' id='line_1_19' title="bbox 136 2507 1180 2608; baseline -0.006 -24"><span class='ocrx_word' id='word_1_116' title='bbox 136 2509 319 2608; x_wconf 80' lang='lat' dir='ltr'><em>principia</em></span> <span class='ocrx_word' id='word_1_117' title='bbox 343 2532 420 2598; x_wconf 89' lang='lat' dir='ltr'><em>sua,</em></span> <span class='ocrx_word' id='word_1_118' title='bbox 441 2532 574 2605; x_wconf 86' lang='lat' dir='ltr'><em>nempe</em></span> <span class='ocrx_word' id='word_1_119' title='bbox 591 2510 732 2605; x_wconf 86' lang='lat' dir='ltr'><em>puncti,</em></span> <span class='ocrx_word' id='word_1_120' title='bbox 750 2510 869 2599; x_wconf 87' lang='lat' dir='ltr'><em>lineae,</em></span> <span class='ocrx_word' id='word_1_121' title='bbox 886 2507 1104 2606; x_wconf 88' lang='lat' dir='ltr'><em>superficiei,</em></span> <span class='ocrx_word' id='word_1_122' title='bbox 1122 2530 1180 2579; x_wconf 93' lang='lat' dir='ltr'><em>so-</em></span> 
     </span>
     <span class='ocr_line' id='line_1_20' title="bbox 137 2621 1182 2719; baseline -0.006 -21"><span class='ocrx_word' id='word_1_123' title='bbox 137 2624 215 2713; x_wconf 91' lang='lat' dir='ltr'><em>lidi,</em></span> <span class='ocrx_word' id='word_1_124' title='bbox 241 2622 379 2719; x_wconf 84' lang='lat' dir='ltr'><em>anguli,</em></span> <span class='ocrx_word' id='word_1_125' title='bbox 405 2623 533 2718; x_wconf 78' lang='lat' dir='ltr'><em>figurae</em></span> <span class='ocrx_word' id='word_1_126' title='bbox 557 2634 642 2711; x_wconf 81' lang='lat' dir='ltr'><em>eta,</em></span> <span class='ocrx_word' id='word_1_127' title='bbox 666 2621 922 2707; x_wconf 85' lang='lat' dir='ltr'><em>definitiones;</em></span> <span class='ocrx_word' id='word_1_128' title='bbox 950 2635 987 2696; x_wconf 84' lang='lat' dir='ltr'><em>et</em></span> <span class='ocrx_word' id='word_1_129' title='bbox 1002 2633 1182 2719; x_wconf 88' lang='lat' dir='ltr'><em>praeterea</em></span> 
     </span>
     <span class='ocr_line' id='line_1_21' title="bbox 138 2732 1182 2831; baseline -0.007 -20"><span class='ocrx_word' id='word_1_130' title='bbox 138 2737 324 2811; x_wconf 84' lang='lat' dir='ltr'><em>axiomata</em></span> <span class='ocrx_word' id='word_1_131' title='bbox 346 2757 413 2831; x_wconf 91' lang='lat' dir='ltr'><em>per</em></span> <span class='ocrx_word' id='word_1_132' title='bbox 438 2759 476 2807; x_wconf 89' lang='lat' dir='ltr'><em>se</em></span> <span class='ocrx_word' id='word_1_133' title='bbox 504 2735 711 2823; x_wconf 81' lang='lat' dir='ltr'><em>manifesta,</em></span> <span class='ocrx_word' id='word_1_134' title='bbox 735 2746 772 2808; x_wconf 91' lang='lat' dir='ltr'><em>et</em></span> <span class='ocrx_word' id='word_1_135' title='bbox 788 2736 986 2831; x_wconf 90' lang='lat' dir='ltr'><em>petitiones</em></span> <span class='ocrx_word' id='word_1_136' title='bbox 1005 2732 1182 2830; x_wconf 83' lang='lat' dir='ltr'><em>quasdam</em></span> 
     </span>
     <span class='ocr_line' id='line_1_22' title="bbox 140 2845 1183 2946; baseline -0.007 -22"><span class='ocrx_word' id='word_1_137' title='bbox 140 2874 215 2924; x_wconf 91' lang='lat' dir='ltr'><em>non</em></span> <span class='ocrx_word' id='word_1_138' title='bbox 231 2849 386 2946; x_wconf 86' lang='lat' dir='ltr'><em>iniquas.</em></span> <span class='ocrx_word' id='word_1_139' title='bbox 433 2848 526 2921; x_wconf 89' lang='lat' dir='ltr'><em>Haec</em></span> <span class='ocrx_word' id='word_1_140' title='bbox 543 2860 630 2921; x_wconf 90' lang='lat' dir='ltr'><em>sunt</em></span> <span class='ocrx_word' id='word_1_141' title='bbox 646 2847 828 2944; x_wconf 91' lang='lat' dir='ltr'><em>principia</em></span> <span class='ocrx_word' id='word_1_142' title='bbox 844 2849 1070 2945; x_wconf 87' lang='lat' dir='ltr'><em>geometriae.</em></span> <span class='ocrx_word' id='word_1_143' title='bbox 1115 2845 1183 2918; x_wconf 89' lang='lat' dir='ltr'><em>Per</em></span> 
     </span>
     <span class='ocr_line' id='line_1_23' title="bbox 139 2959 1183 3056; baseline -0.003 -21"><span class='ocrx_word' id='word_1_144' title='bbox 139 2962 220 3035; x_wconf 87' lang='lat' dir='ltr'><em>haec</em></span> <span class='ocrx_word' id='word_1_145' title='bbox 263 2960 562 3034; x_wconf 87' lang='lat' dir='ltr'><em>demonstrantur</em></span> <span class='ocrx_word' id='word_1_146' title='bbox 604 2960 759 3054; x_wconf 85' lang='lat' dir='ltr'><em>subjecti</em></span> <span class='ocrx_word' id='word_1_147' title='bbox 794 2960 922 3056; x_wconf 91' lang='lat' dir='ltr'><em>quanti</em></span> <span class='ocrx_word' id='word_1_148' title='bbox 959 2959 1183 3033; x_wconf 83' lang='lat' dir='ltr'><em>affectiones.</em></span> 
     </span>
     <span class='ocr_line' id='line_1_24' title="bbox 143 3071 1185 3169; baseline -0.007 -20"><span class='ocrx_word' id='word_1_149' title='bbox 143 3075 208 3149; x_wconf 91' lang='lat' dir='ltr'><em>Ille</em></span> <span class='ocrx_word' id='word_1_150' title='bbox 242 3086 367 3147; x_wconf 90' lang='lat' dir='ltr'><em>antem</em></span> <span class='ocrx_word' id='word_1_151' title='bbox 401 3072 480 3146; x_wconf 84' lang='lat' dir='ltr'><em>haee</em></span> <span class='ocrx_word' id='word_1_152' title='bbox 513 3095 588 3145; x_wconf 90' lang='lat' dir='ltr'><em>non</em></span> <span class='ocrx_word' id='word_1_153' title='bbox 622 3071 808 3168; x_wconf 89' lang='lat' dir='ltr'><em>intelligit,</em></span> <span class='ocrx_word' id='word_1_154' title='bbox 847 3096 966 3168; x_wconf 85' lang='lat' dir='ltr'><em>neque</em></span> <span class='ocrx_word' id='word_1_155' title='bbox 1003 3071 1185 3169; x_wconf 91' lang='lat' dir='ltr'><em>principia</em></span> 
     </span>
     <span class='ocr_line' id='line_1_25' title="bbox 142 3183 1183 3284; baseline -0.007 -23"><span class='ocrx_word' id='word_1_156' title='bbox 142 3187 233 3284; x_wconf 87' lang='lat' dir='ltr'><em>ipsa,</em></span> <span class='ocrx_word' id='word_1_157' title='bbox 251 3199 316 3260; x_wconf 90' lang='lat' dir='ltr'><em>aut</em></span> <span class='ocrx_word' id='word_1_158' title='bbox 333 3183 517 3282; x_wconf 92' lang='lat' dir='ltr'><em>quomodo</em></span> <span class='ocrx_word' id='word_1_159' title='bbox 531 3183 741 3257; x_wconf 86' lang='lat' dir='ltr'><em>conducant</em></span> <span class='ocrx_word' id='word_1_160' title='bbox 758 3183 805 3256; x_wconf 89' lang='lat' dir='ltr'><em>ad</em></span> <span class='ocrx_word' id='word_1_161' title='bbox 820 3183 1183 3257; x_wconf 87' lang='lat' dir='ltr'><em>demonstrationem.</em></span> 
     </span>
     <span class='ocr_line' id='line_1_26' title="bbox 144 3295 1185 3395; baseline -0.004 -22"><span class='ocrx_word' id='word_1_162' title='bbox 144 3299 242 3373; x_wconf 85' lang='lat' dir='ltr'><em>Audi</em></span> <span class='ocrx_word' id='word_1_163' title='bbox 259 3297 348 3395; x_wconf 93' lang='lat' dir='ltr'><em>quid</em></span> <span class='ocrx_word' id='word_1_164' title='bbox 366 3297 457 3370; x_wconf 87' lang='lat' dir='ltr'><em>dicit</em></span> <span class='ocrx_word' id='word_1_165' title='bbox 480 3296 525 3369; x_wconf 90' lang='lat' dir='ltr'><em>de</em></span> <span class='ocrx_word' id='word_1_166' title='bbox 543 3295 996 3395; x_wconf 80' lang='lat' dir='ltr'><em>principiis-Principia</em></span> <span class='ocrx_word' id='word_1_167' title='bbox 1014 3296 1112 3394; x_wconf 88' lang='lat' dir='ltr'><em>quod</em></span> <span class='ocrx_word' id='word_1_168' title='bbox 1126 3306 1185 3369; x_wconf 89' lang='lat' dir='ltr'><em>ut·</em></span> 
     </span>
     <span class='ocr_line' id='line_1_27' title="bbox 145 3398 1186 3508; baseline -0.007 -22"><span class='ocrx_word' id='word_1_169' title='bbox 145 3413 247 3501; x_wconf 87' lang='lat' dir='ltr'><em>tinet,</em></span> <span class='ocrx_word' id='word_1_170' title='bbox 258 3419 437 3508; x_wconf 80' lang='lat' dir='ltr'><em>punctam</em></span> <span class='ocrx_word' id='word_1_171' title='bbox 448 3409 588 3506; x_wconf 85' lang='lat' dir='ltr'><em>quidem</em></span> <span class='ocrx_word' id='word_1_172' title='bbox 599 3418 657 3481; x_wconf 83' lang='lat' dir='ltr'><em>eet</em></span> <span class='ocrx_word' id='word_1_173' title='bbox 664 3408 894 3508; x_wconf 80' lang='lat' dir='ltr'><em>principium</em></span> <span class='ocrx_word' id='word_1_174' title='bbox 907 3398 1186 3508; x_wconf 78' lang='lat' dir='ltr'><em>magnitudinis,</em></span> 
     </span>
     <span class='ocr_line' id='line_1_28' title="bbox 145 3520 1189 3620; baseline -0.005 -22"><span class='ocrx_word' id='word_1_175' title='bbox 145 3525 269 3598; x_wconf 81' lang='lat' dir='ltr'><em>unitae</em></span> <span class='ocrx_word' id='word_1_176' title='bbox 293 3531 414 3597; x_wconf 87' lang='lat' dir='ltr'><em>autem</em></span> <span class='ocrx_word' id='word_1_177' title='bbox 443 3522 595 3610; x_wconf 86' lang='lat' dir='ltr'><em>numeri,</em></span> <span class='ocrx_word' id='word_1_178' title='bbox 619 3531 659 3595; x_wconf 89' lang='lat' dir='ltr'><em>ut</em></span> <span class='ocrx_word' id='word_1_179' title='bbox 681 3522 792 3620; x_wconf 85' lang='lat' dir='ltr'><em>uulgo</em></span> <span class='ocrx_word' id='word_1_180' title='bbox 806 3521 1036 3620; x_wconf 82' lang='lat' dir='ltr'><em>perhibetur.</em></span> <span class='ocrx_word' id='word_1_181' title='bbox 1088 3520 1189 3594; x_wconf 89' lang='lat' dir='ltr'><em>Nam</em></span> 
     </span>
     <span class='ocr_line' id='line_1_29' title="bbox 146 3633 1189 3734; baseline -0.007 -22"><span class='ocrx_word' id='word_1_182' title='bbox 146 3663 193 3712; x_wconf 78' lang='lat' dir='ltr'><em>eu</em></span> <span class='ocrx_word' id='word_1_183' title='bbox 206 3638 322 3734; x_wconf 79' lang='lat' dir='ltr'><em>flaua</em></span> <span class='ocrx_word' id='word_1_184' title='bbox 339 3635 473 3734; x_wconf 81' lang='lat' dir='ltr'><em>puncti</em></span> <span class='ocrx_word' id='word_1_185' title='bbox 489 3635 602 3726; x_wconf 86' lang='lat' dir='ltr'><em>linea,</em></span> <span class='ocrx_word' id='word_1_186' title='bbox 630 3660 677 3708; x_wconf 85' lang='lat' dir='ltr'><em>ea</em></span> <span class='ocrx_word' id='word_1_187' title='bbox 691 3635 805 3730; x_wconf 78' lang='lat' dir='ltr'><em>flaaau</em></span> <span class='ocrx_word' id='word_1_188' title='bbox 832 3635 938 3708; x_wconf 77' lang='lat' dir='ltr'><em>linere</em></span> <span class='ocrx_word' id='word_1_189' title='bbox 958 3633 1189 3734; x_wconf 74' lang='lat' dir='ltr'><em>superficies,</em></span> 
     </span>
     <span class='ocr_line' id='line_1_30' title="bbox 146 3747 1190 3849; baseline -0.005 -25"><span class='ocrx_word' id='word_1_190' title='bbox 146 3749 360 3849; x_wconf 70' lang='lat' dir='ltr'><em>superficiei</em></span> <span class='ocrx_word' id='word_1_191' title='bbox 389 3772 476 3822; x_wconf 87' lang='lat' dir='ltr'><em>aero</em></span> <span class='ocrx_word' id='word_1_192' title='bbox 505 3773 639 3846; x_wconf 71' lang='lat' dir='ltr'><em>corpas</em></span> <span class='ocrx_word' id='word_1_193' title='bbox 666 3747 761 3820; x_wconf 84' lang='lat' dir='ltr'><em>oriri</em></span> <span class='ocrx_word' id='word_1_194' title='bbox 791 3747 968 3821; x_wconf 84' lang='lat' dir='ltr'><em>traditur.</em></span> <span class='ocrx_word' id='word_1_195' title='bbox 1021 3747 1116 3818; x_wconf 90' lang='lat' dir='ltr'><em>Item</em></span> <span class='ocrx_word' id='word_1_196' title='bbox 1142 3771 1190 3819; x_wconf 82' lang='lat' dir='ltr'><em>ea</em></span> 
     </span>
     <span class='ocr_line' id='line_1_31' title="bbox 147 3859 1190 3957; baseline -0.005 -20"><span class='ocrx_word' id='word_1_197' title='bbox 147 3861 351 3937; x_wconf 75' lang='lat' dir='ltr'><em>unitatibus</em></span> <span class='ocrx_word' id='word_1_198' title='bbox 365 3862 633 3955; x_wconf 79' lang='lat' dir='ltr'><em>uumeroefieri</em></span> <span class='ocrx_word' id='word_1_199' title='bbox 645 3860 742 3933; x_wconf 79' lang='lat' dir='ltr'><em>eatis</em></span> <span class='ocrx_word' id='word_1_200' title='bbox 756 3859 1064 3957; x_wconf 72' lang='lat' dir='ltr'><em>liquet-Viden</em></span> <span class='ocrx_word' id='word_1_201' title='bbox 1080 3884 1190 3956; x_wconf 93' lang='lat' dir='ltr'><em>quam</em></span> 
     </span>
     <span class='ocr_line' id='line_1_32' title="bbox 148 3973 1190 4073; baseline -0.004 -24"><span class='ocrx_word' id='word_1_202' title='bbox 148 3976 276 4073; x_wconf 79' lang='lat' dir='ltr'><em>paneis</em></span> <span class='ocrx_word' id='word_1_203' title='bbox 290 3974 412 4048; x_wconf 87' lang='lat' dir='ltr'><em>verbis</em></span> <span class='ocrx_word' id='word_1_204' title='bbox 423 3985 597 4068; x_wconf 88' lang='lat' dir='ltr'><em>quantam</em></span> <span class='ocrx_word' id='word_1_205' title='bbox 610 3997 713 4047; x_wconf 90' lang='lat' dir='ltr'><em>suam</em></span> <span class='ocrx_word' id='word_1_206' title='bbox 727 3973 903 4046; x_wconf 88' lang='lat' dir='ltr'><em>indicavit</em></span> <span class='ocrx_word' id='word_1_207' title='bbox 915 3973 1162 4069; x_wconf 86' lang='lat' dir='ltr'><em>ignorantiam</em></span> <span class='ocrx_word' id='word_1_208' title='bbox 1177 3973 1190 4046; x_wconf 81' lang='lat' dir='ltr'><em>i</em></span> 
     </span>
     <span class='ocr_line' id='line_1_33' title="bbox 150 4086 1190 4181; baseline -0.005 -18"><span class='ocrx_word' id='word_1_209' title='bbox 150 4088 386 4163; x_wconf 84' lang='lat' dir='ltr'><em>Probandum</em></span> <span class='ocrx_word' id='word_1_210' title='bbox 408 4098 617 4181; x_wconf 88' lang='lat' dir='ltr'><em>susceperat</em></span> <span class='ocrx_word' id='word_1_211' title='bbox 640 4086 878 4181; x_wconf 82' lang='lat' dir='ltr'><em>geometriam</em></span> <span class='ocrx_word' id='word_1_212' title='bbox 896 4086 1190 4161; x_wconf 78' lang='lat' dir='ltr'><em>arithmeticam*</em></span> 
     </span>
    </p>
   </div>
   <div class='ocr_carea' id='block_1_3' title="bbox 150 4197 1192 4294">
    <p class='ocr_par' dir='ltr' id='par_1_5' title="bbox 150 4197 1192 4294">
     <span class='ocr_line' id='line_1_34' title="bbox 150 4197 1192 4294; baseline -0.005 -18"><span class='ocrx_word' id='word_1_213' title='bbox 150 4225 235 4276; x_wconf 85' lang='lat' dir='ltr'><em>vere</em></span> <span class='ocrx_word' id='word_1_214' title='bbox 262 4200 455 4275; x_wconf 88' lang='lat' dir='ltr'><em>scientiam</em></span> <span class='ocrx_word' id='word_1_215' title='bbox 484 4221 572 4272; x_wconf 88' lang='lat' dir='ltr'><em>esse.</em></span> <span class='ocrx_word' id='word_1_216' title='bbox 624 4197 790 4271; x_wconf 89' lang='lat' dir='ltr'><em>Medium</em></span> <span class='ocrx_word' id='word_1_217' title='bbox 817 4198 999 4294; x_wconf 90' lang='lat' dir='ltr'><em>probandi</em></span> <span class='ocrx_word' id='word_1_218' title='bbox 1026 4200 1192 4289; x_wconf 84' lang='lat' dir='ltr'><em>assumit,</em></span> 
     </span>
    </p>
   </div>
   <div class='ocr_carea' id='block_1_4' title="bbox 185 4394 1161 4473">
    <p class='ocr_par' dir='ltr' id='par_1_6' title="bbox 185 4394 1161 4473">
     <span class='ocr_line' id='line_1_35' title="bbox 185 4394 1161 4473; baseline -0.003 -14"><span class='ocrx_word' id='word_1_219' title='bbox 185 4401 203 4435; x_wconf 73' lang='lat'><em>⁶</em></span> <span class='ocrx_word' id='word_1_220' title='bbox 226 4399 276 4460; x_wconf 78' lang='lat' dir='ltr'><em>sic</em></span> <span class='ocrx_word' id='word_1_221' title='bbox 290 4399 371 4458; x_wconf 84' lang='lat' dir='ltr'><em>Edit.</em></span> <span class='ocrx_word' id='word_1_222' title='bbox 385 4400 470 4456; x_wconf 87' lang='grc'><strong>1668.</strong></span> <span class='ocrx_word' id='word_1_223' title='bbox 513 4394 618 4468; x_wconf 77' lang='lat' dir='ltr'><em>Quare</em></span> <span class='ocrx_word' id='word_1_224' title='bbox 633 4396 846 4473; x_wconf 86' lang='lat' dir='ltr'><em>“geometriam</em></span> <span class='ocrx_word' id='word_1_225' title='bbox 860 4407 888 4456; x_wconf 87' lang='lat' dir='ltr'><em>et</em></span> <span class='ocrx_word' id='word_1_226' title='bbox 901 4398 1161 4459; x_wconf 84' lang='lat' dir='ltr'><em>arithmeticam”?</em></span> 
     </span>
    </p>
   </div>
   <div class='ocr_carea' id='block_1_5' title="bbox 0 0 1514 5010">
    <p class='ocr_par' dir='ltr' id='par_1_7' title="bbox 0 0 1514 5010">
     <span class='ocr_line' id='line_1_36' title="bbox 0 0 1514 5010; baseline 0 0"><span class='ocrx_word' id='word_1_227' title='bbox 0 0 1514 5010; x_wconf 95' lang='lat' dir='ltr'><em> </em></span> 
     </span>
    </p>
   </div>
  </div>
 </body>
</html>
