2946 5010
476 410 811 465 onoronrnonnm.
1088 393 1161 459 459

121 578 236 653 dratis
269 579 317 652 ab
349 576 478 652 eedem
507 578 579 652 Nr.
641 575 708 650 Est
740 586 864 650 autem
894 575 946 648 Be
972 573 1167 672 vigecupla
1194 600 1263 642 cm.
1278 596 1368 640 xxm

121 691 285 788 eJusdcm
299 690 370 780 Nr,
381 701 419 764 et
435 688 592 786 proinde
605 689 827 788 quadratum
844 690 923 785 ejus
940 688 1079 786 aequole
1090 696 1164 764 400
1179 670 1349 800 „ff

120 804 312 901 quadratis
330 804 376 877 ab
394 803 523 877 eadem
540 803 610 877 Nr.
1176 804 1379 916 mopiam

123 977 129 987 .
170 918 237 991 Est
263 930 387 990 antem
415 914 470 989 Br
493 915 641 1014 aequnlis
667 913 930 989 novemdecem
955 913 1066 987 rectis
1082 885 1243 999 Nrff
1258 885 1281 915 ¹⁰
1373 901 1381 923 '

122 1042 159 1104 et
176 1030 396 1125 quadratum
414 1031 493 1124 ejus
514 1028 655 1125 aeqnale
675 1037 744 1102 361
767 1026 956 1124 quadratis
974 1028 1019 1100 ab
1037 1025 1166 1100 eadem

122 1144 194 1218 Nr.
246 1142 369 1238 Majus
398 1165 487 1238 ergo
513 1154 569 1215 est
595 1141 817 1238 quadratum
842 1151 954 1214 rectae
971 1139 1037 1229 Er,
1057 1164 1168 1236 quom

123 1256 344 1352 quadratum
371 1268 484 1329 rectae
502 1254 566 1328 BP
581 1255 657 1328 sive
676 1252 760 1328 BM.
814 1254 1045 1329 Quadratum
1070 1255 1169 1328 enim

123 1394 146 1443 6
163 1369 227 1442 ΒΡ
242 1368 383 1466 aequale
401 1380 457 1441 est
473 1366 732 1441 tantummodo
750 1376 823 1442 360
835 1366 1023 1463 quadratis
1039 1369 1086 1442 ab
1096 1369 1169 1441 Nr.

143 1488 146 1492 ’
173 1484 276 1557 Inter
293 1481 474 1579 quadrata
491 1505 513 1554 6
530 1479 585 1552 Bc
601 1493 639 1554 et
655 1479 741 1570 ΒΜ,
768 1479 807 1553 id
832 1493 889 1553 est
919 1481 1016 1553 inter
1034 1489 1108 1555 400
1132 1493 1171 1554 et

125 1605 211 1685 324,
222 1605 389 1669 sumatur
406 1617 580 1666 numerus
597 1593 739 1667 medius
751 1592 1052 1691 proportionalis:
1072 1592 1172 1667 cadit

125 1711 224 1783 enim
242 1709 339 1781 inter
357 1707 541 1804 quoslibet
561 1705 653 1779 duos
670 1730 842 1780 numeros
860 1707 1059 1803 quadratos
1075 1728 1171 1781 6666

124 1821 268 1896 medius
284 1820 590 1918 proportionalis:
609 1821 751 1917 eritque
765 1821 826 1894 ille
840 1844 1015 1894 numerus
1028 1821 1171 1896 medius

126 1944 214 2026 360,
232 1958 365 2030 nempe
392 1945 450 2009 tot
479 1934 658 2031 quadrato
678 1959 702 2008 6
724 1946 828 2008 sexta
852 1944 958 2031 parte
975 1933 1053 2025 BG,
1078 1947 1172 2031 quot

126 2060 211 2122 sunt
229 2048 384 2145 nequalia
398 2047 527 2120 decem
545 2048 733 2144 quadratis
751 2072 774 2121 6
791 2048 986 2122 semiradio
999 2060 1078 2124 toto
1092 2046 1169 2126 BG.

126 2163 256 2257 Itaque
275 2162 305 2234 si
324 2185 486 2258 gnomon
504 2162 732 2256 circumponi
750 2161 979 2257 intelligatur
989 2162 1170 2260 quadrato

126 2298 150 2347 6
167 2272 252 2362 ΒΜ,
267 2275 371 2370 cujus
388 2273 583 2369 gnomonis
600 2271 758 2347 latitudo
777 2275 825 2347 sit
842 2275 917 2365 Mr,
928 2299 1092 2371 gnomon
1110 2275 1171 2350 ille

126 2386 275 2483 aequalis
293 2388 365 2459 erit
381 2387 561 2482 quadrato
578 2387 625 2460 ab
644 2388 703 2460 Nr
720 2400 824 2460 sexta
839 2399 946 2482 parte
973 2390 1170 2465 semiradii.

128 2500 319 2572 Hactenus
346 2500 445 2572 nulla
473 2522 585 2572 causa
610 2512 666 2573 est
692 2500 885 2574 dubitandi
911 2501 957 2574 de
986 2525 1091 2598 prop.
1109 2509 1171 2594 47,

128 2613 244 2685 Elem.
262 2613 288 2685 i.

178 2727 332 2815 Rursus,
355 2725 577 2821 quadratum
595 2724 700 2797 6οΝ
718 2727 855 2824 aeqncle
873 2741 930 2802 est
948 2737 996 2801 36
1014 2729 1171 2826 666666-

128 2840 176 2913 tis
202 2840 247 2912 ab
275 2840 344 2913 Nr.
396 2840 463 2912 Est
490 2850 614 2912 cutem
642 2839 695 2911 Ce
719 2843 868 2937 octupla
893 2843 1007 2938 ipsius
1034 2844 1105 2934 Nr,
1133 2856 1172 2918 et

129 2953 348 3049 quadratum
367 2955 446 3049 ejus
464 2953 604 3049 aequale
621 2961 669 3025 64
684 2954 873 3049 quadratis
890 2958 937 3029 ab
955 2957 1084 3030 cadem
1101 2958 1173 3031 Nr.

128 3067 177 3139 Et
195 3068 282 3161 quin
299 3067 351 3140 Cr
369 3067 537 3164 septuplo
554 3079 611 3140 est
627 3068 741 3163 ipsius
759 3069 830 3159 Nr,
855 3069 1075 3165 quadratum
1092 3071 1173 3167 ejus

129 3179 270 3274 aequale
289 3178 360 3252 erit
377 3187 425 3251 49
445 3179 633 3273 quadratis
650 3179 697 3253 ab
715 3180 843 3253 eadem
861 3182 931 3254 Nr.

179 3291 262 3363 Jam
281 3313 367 3362 cum
384 3290 455 3363 CM
477 3302 633 3385 tangens
651 3292 701 3364 sit
719 3300 766 3365 30
783 3294 977 3388 graduum,
996 3295 1067 3368 erit
1083 3318 1175 3392 qun·

131 3402 277 3475 dratom
306 3401 385 3496 ejus
412 3400 630 3493 (secundum
647 3427 753 3500 prop.
772 3412 832 3495 47,
851 3407 966 3479 Elem.
985 3407 1014 3500 i)
1033 3408 1174 3504 aequole

130 3523 179 3588 48
199 3514 388 3609 quadratis
406 3514 452 3587 ab
470 3515 540 3587 Nr.
593 3515 660 3590 Est
677 3518 775 3591 enim
789 3520 866 3607 AL,
884 3543 1012 3594 secans
1031 3530 1078 3595 30
1092 3545 1174 3618 gre·

129 3629 257 3717 duum,
275 3627 389 3723 duplo
404 3629 591 3724 tangentis
608 3628 685 3719 BL,
703 3631 779 3705 sive
794 3631 887 3719 CM3
913 3647 952 3707 et
965 3633 1033 3707 AB
1051 3635 1175 3709 radius

131 3741 264 3838 duplus
296 3741 481 3814 semiradii
505 3740 583 3818 BG.
636 3745 729 3818 Cum
760 3770 848 3844 ergo
877 3749 1098 3844 quadratum
1128 3751 1175 3823 ab

131 3856 197 3928 AL
214 3856 263 3928 sit
280 3854 329 3927 66
347 3855 565 3951 quadratum
583 3881 606 3930 6
623 3856 687 3929 BL
705 3871 748 3932 ut
765 3869 786 3931 4
806 3860 853 3933 66
876 3871 907 3951 1,
938 3863 1009 3936 erit
1025 3862 1073 3936 66
1089 3888 1176 3960 666·

131 3969 280 4041 drotum
297 3969 344 4041 ab
362 3969 427 4041 AB
445 3980 487 4042 ut
505 3979 526 4041 4
542 3970 591 4042 66
609 3979 643 4044 3.
688 3971 813 4046 Quare
830 3975 942 4048 etiam
956 3976 1177 4073 quadratum

132 4082 320 4178 tangentis
338 4080 402 4155 BL
421 4083 492 4156 erit
518 4083 566 4157 66
594 4085 813 4180 quadratum
837 4089 1022 4163 semirodii
1050 4091 1114 4164 BG
1134 4102 1177 4164 ut

133 4210 155 4271 4
183 4199 230 4272 66
255 4208 290 4289 3,
317 4199 392 4271 sive
423 4209 472 4273 48
499 4201 547 4274 66
574 4211 634 4278 36.
688 4204 762 4278 Sed
790 4206 876 4301 quio
899 4208 1119 4303 quadratum
1154 4233 1178 4282 6

135 4310 201 4388 BG
217 4312 293 4385 sive
312 4310 379 4386 CN
398 4325 454 4386 est
472 4322 532 4405 36,
551 4315 621 4389 erit
639 4318 859 4413 quadratum
876 4345 899 4395 6
916 4318 980 4393 BL
999 4322 1075 4396 sive
1093 4319 1176 4412 CM,
