2946 5010
322 401 398 468 81⁰
595 416 1084 470 mnumrnmercu

161 605 262 648 cm.
325 578 1360 714 Quoniamennnteraenisperomnemmotum

324 918 435 1015 hujus
450 932 490 993 et
505 923 757 996 motrmannni
776 924 853 996 sint
874 924 1008 997 iidem.
1034 936 1215 1020 qnantum
1231 922 1362 994 saltem

320 1031 775 1132 judieurceenenspotent
801 1036 1363 1165 (lirenlueenimquempunctis

325 1146 464 1235 notavi,
474 1159 514 1220 et
527 1147 627 1222 intro
636 1172 746 1246 qoem
758 1151 898 1223 moveri
914 1163 1052 1222 terrum
1068 1172 1248 1245 suppono,
1259 1172 1362 1243 mag·

325 1258 533 1334 uitudinem
547 1275 719 1360 respectu
737 1263 824 1336 eolis
844 1263 958 1336 hebet
978 1261 1249 1336 insensibilem.
1274 1285 1362 1334 nam

325 1395 495 1470 suppono
509 1375 583 1448 hoc
598 1399 757 1472 quoque.

374 1485 1361 1586 Aneioeminteffigmquomodograviadeorsum,

324 1597 844 1696 idqueveloeiterinmedio
873 1602 956 1676 looo
984 1603 1081 1674 inter
1106 1603 1212 1698 polos
1237 1615 1362 1674 motus

325 1713 663 1809 hujmideegeub
675 1714 880 1811 eclipticum
894 1714 1131 1810 dejiciuntur:
1147 1728 1362 1787 nontamen

327 1826 417 1900 ntis
428 1827 547 1923 cupio,
558 1826 744 1925 quomodo
759 1827 859 1901 idem
874 1829 956 1901 fieri
968 1830 1085 1924 possit
1100 1829 1169 1900 sub
1181 1828 1362 1922 eclipticae

326 1940 444 2035 polos.
503 1941 679 2014 Dicturus
711 1941 810 2014 enim
835 1953 928 2037 puto
959 1964 1036 2013 non
1063 1964 1114 2028 ee,
1143 1939 1244 2036 qnod
1269 1940 1363 2035 lapis

327 2052 520 2126 deseendit
550 2054 713 2128 velocius
745 2055 844 2127 inter
879 2055 1055 2150 tropicos,
1095 2077 1207 2149 quum
1246 2075 1362 2148 prope

326 2165 432 2261 polos
447 2165 639 2262 ecliptico.

377 2280 429 2353 B.
454 2279 540 2352 Non
564 2279 682 2353 multo
703 2279 853 2376 quidem
878 2280 1053 2354 velocius.
1104 2281 1211 2353 Potae
1237 2292 1363 2352 antem

326 2392 641 2482 animadvertisne,
674 2392 774 2490 quod
810 2392 917 2466 flocci
957 2394 1052 2466 nivis
1084 2417 1159 2489 quo
1191 2392 1363 2488 proprius

325 2504 514 2578 acceditur
542 2505 591 2578 ed
624 2506 739 2601 polos,
773 2529 818 2578 eo
851 2507 1008 2602 majores
1040 2520 1151 2578 sont:
1189 2504 1228 2578 id
1263 2505 1362 2600 quod

326 2619 471 2713 signum
504 2641 579 2691 non
612 2619 802 2690 minimum
829 2632 898 2706 est,
933 2618 1032 2714 quod
1065 2618 1202 2691 mdont
1232 2617 1362 2691 eloco

327 2732 538 2804 sublimiore
554 2732 653 2827 apud
668 2756 736 2804 nos
753 2756 862 2827 quam
879 2733 915 2804 in
938 2734 1103 2828 partibus
1119 2732 1205 2828 polo
1223 2733 1362 2804 arctico

328 2845 673 2940 propinquioribus3
711 2858 748 2917 et
776 2846 823 2918 ob
852 2870 933 2918 eam
964 2871 1110 2918 causam
1135 2848 1173 2918 in
1203 2846 1362 2917 minores

328 2970 452 3051 portae
481 2957 646 3030 cudendo
673 2956 899 3044 dividuntur,
931 2981 1030 3030 more
1065 2982 1170 3054 uquae
1204 2959 1249 3030 ab
1286 2958 1362 3029 alta

328 3094 419 3166 rupe
436 3070 785 3167 perpendiculariter
809 3070 1022 3144 decidentis.
1075 3072 1148 3144 Sed
1178 3085 1363 3166 utcunque

328 3182 367 3256 id
395 3185 454 3273 sit,
483 3185 607 3258 videre
634 3197 739 3281 potes
767 3208 812 3256 er
841 3185 920 3280 ipsa
945 3186 1073 3279 figura,
1109 3183 1206 3280 qnod
1240 3198 1363 3256 motus

328 3298 456 3394 reiecti
472 3301 566 3371 aeris
586 3299 624 3370 in
642 3299 672 3369 E
689 3311 726 3370 et
744 3298 772 3368 F
794 3321 867 3370 non
885 3309 940 3369 est
957 3297 1005 3368 ad
1021 3311 1157 3370 terram
1170 3297 1364 3393 perpendi-

329 3412 471 3499 culum,
489 3411 555 3483 sed
576 3411 696 3484 tendit
711 3410 846 3506 partim
860 3410 1008 3506 quidem
1025 3412 1062 3482 in
1083 3412 1210 3499 altum,
1228 3411 1364 3505 partim

329 3547 416 3596 vero
441 3548 565 3597 versus
587 3523 715 3618 polos:
742 3537 781 3595 et
807 3536 1003 3618 propterea
1029 3525 1141 3596 ctiam
1169 3524 1236 3595 snb
1264 3523 1364 3617 ipsos

329 3638 432 3734 polos
450 3662 524 3710 non
542 3638 658 3709 multo
676 3636 816 3709 tardius
842 3648 1008 3709 movetur
1031 3662 1140 3732 quam
1168 3637 1264 3709 inter
1286 3649 1363 3709 tro-

327 3752 440 3846 picoS.
492 3752 683 3838 Praetereo,
701 3764 843 3823 motum
861 3751 958 3823 hunc
976 3774 1142 3847 suppono
1160 3775 1235 3822 non
1253 3749 1364 3820 modo

328 3867 366 3937 in
393 3878 502 3952 terro,
530 3865 733 3937 sedetiam
761 3864 800 3937 in
831 3864 918 3951 sole,
949 3877 987 3937 et
1015 3865 1113 3953 luna,
1145 3876 1181 3936 et
1214 3862 1364 3957 reliquis

329 3977 441 4050 stellis
459 3989 534 4050 tum
553 3978 634 4050 fixis
649 4002 759 4074 quom
777 3978 1003 4051 errantibus:
1028 4002 1183 4074 quorum
1196 3990 1364 4049 motuum

330 4092 605 4186 compositione,
632 4104 753 4163 motus
782 4092 916 4164 aerisa
942 4093 1062 4163 medio
1090 4089 1217 4163 mundi
1238 4110 1364 4161 versus

328 4203 432 4298 polos
450 4205 573 4298 angeri
589 4203 817 4299 aliquantum
835 4228 982 4278 necesse
1000 4218 1066 4277 est.

379 4317 427 4389 A.
455 4316 656 4390 Verisimile
681 4329 747 4389 est.
