2946 5010
451 434 505 486 nu
525 433 697 487 narona
715 432 852 485 naurs.
1095 417 1168 483 269

124 597 291 670 rentibus
324 600 580 685 marmoribus,
614 599 697 673 talis
735 598 807 671 erit
839 592 1039 692 pyramidis
1072 595 1168 669 illius

124 712 254 806 figura,
273 709 418 806 qualem
444 712 595 785 definiet
625 712 784 784 ambitus
810 708 1066 783 intersecantis
1087 732 1168 780 eam

124 823 328 895 marmoris.
371 824 533 898 Conatus
551 849 639 921 ergo
657 837 879 920 punctorum
896 822 1061 896 omnium
1077 844 1170 916 pon-

124 935 333 1009 derantium
349 938 616 1033 propagabitur
643 939 691 1010 ad
721 936 951 1033 superficiem
977 934 1170 1008 marmoris

124 1048 333 1144 superioris,
348 1062 544 1145 antequam
557 1051 673 1146 possit
685 1051 881 1148 propagari
893 1049 1058 1135 ulterius,
1068 1059 1170 1143 puta,

124 1160 171 1234 ad
202 1173 349 1234 terram.
402 1164 599 1259 Postquam
629 1174 753 1235 autem
781 1175 934 1235 conatus
961 1161 1009 1234 ad
1033 1174 1171 1232 terram

123 1288 347 1370 propagatus
380 1275 503 1365 fuerit,
538 1300 601 1349 aer
632 1300 757 1349 rursus
791 1299 857 1372 per
881 1274 1061 1347 resultum
1085 1273 1170 1347 inde

124 1388 319 1460 conabitur
353 1389 554 1462 secundum
588 1391 736 1463 easdem
763 1403 863 1463 retro
887 1400 1006 1461 rectas
1035 1386 1083 1460 ad
1111 1410 1171 1460 su-

123 1500 310 1595 perficiem
338 1501 549 1576 inferiorem
583 1504 767 1577 inferioris
801 1501 1004 1575 marmoris.
1074 1500 1171 1573 Nam

124 1613 329 1687 incidentes
367 1617 691 1711 perpendiculares
726 1615 1081 1712 perpendiculariter
1114 1637 1172 1686 re·

123 1725 335 1799 flectuntur.
399 1727 585 1801 Quoniam
617 1753 705 1825 ergo
734 1751 896 1801 marmor
925 1726 1092 1822 superius
1119 1727 1173 1799 ita

125 1862 340 1935 suspensum
358 1852 425 1930 est,
441 1853 482 1915 ut
497 1843 621 1914 conari
636 1841 808 1915 deorsum
822 1864 897 1913 non
911 1839 1039 1935 possit,
1051 1839 1171 1912 omnis

125 1965 278 2024 conatus
309 1952 500 2026 innitentis
528 1954 728 2051 pyramidis
755 1954 904 2027 sistetur
926 1954 964 2026 in
987 1976 1171 2025 marmore

124 2065 324 2162 superiore.
387 2067 473 2139 Non
510 2091 598 2163 ergo
637 2068 903 2164 propagabitur
937 2065 985 2139 ad
1018 2077 1167 2139 terram.

125 2177 255 2274 Neque
274 2202 362 2273 ergo
378 2180 442 2251 fiet
460 2181 617 2253 resultus
638 2181 685 2253 ad
703 2203 864 2252 marmor
881 2179 1044 2251 inferius.
1084 2179 1171 2252 Non

123 2314 213 2385 ergo
237 2291 356 2363 oritur
381 2315 404 2363 a
427 2293 567 2366 resulto
593 2294 762 2365 conantis
786 2291 1051 2389 atmosphaerae,
1071 2290 1170 2387 quod

124 2427 287 2475 marmor
304 2404 456 2477 inferius
473 2405 526 2477 ita
544 2416 785 2495 sustentatur,
799 2419 841 2478 ut
859 2429 881 2477 a
898 2416 1073 2477 contactu
1086 2428 1171 2477 cum

125 2517 312 2612 superiore
330 2540 404 2590 non
423 2530 624 2613 separetur.

177 2628 225 2701 B.
253 2629 506 2701 Certissimum
542 2644 611 2704 est.
663 2632 721 2704 Illi
755 2644 891 2720 autem,
927 2631 990 2727 qui
1023 2654 1171 2704 causam

122 2743 203 2837 ejus
226 2743 339 2814 talem
363 2743 618 2834 reddiderunt,
635 2768 710 2818 uon
729 2759 835 2818 erant
852 2747 1008 2820 fortasse
1025 2771 1172 2843 geome-

124 2869 201 2928 trae.
265 2855 384 2929 Miror
409 2867 533 2929 tamen
568 2859 856 2955 paralogismum
884 2860 983 2933 hunc
1013 2884 1087 2933 non
1118 2861 1171 2932 vi-

123 2969 222 3042 disse
245 2969 457 3063 geometriae
486 2970 723 3065 professores
742 2973 806 3068 qui
824 2972 1077 3047 reflectionum
1095 2974 1173 3048 vias

125 3082 298 3178 ignorare
332 3105 407 3153 non
443 3081 659 3157 debuerunt.
724 3084 799 3157 Sed
825 3086 880 3157 vis
914 3086 977 3158 illa
1010 3086 1171 3176 elastica,

126 3218 235 3290 quam
254 3195 292 3266 in
310 3218 395 3266 aere
415 3218 495 3267 esse
514 3196 653 3284 dicunt,
670 3197 809 3270 nihilne
824 3197 871 3269 ad
885 3222 1047 3270 marmor
1064 3198 1172 3272 susti·

125 3307 288 3380 nendum
306 3307 474 3379 conferre
492 3309 640 3404 potest?

174 3418 220 3493 A.
249 3421 351 3492 Nihil
379 3422 540 3493 omnino.
595 3422 681 3494 Non
712 3423 809 3494 enim
843 3432 998 3494 conatus
1023 3420 1061 3492 in
1087 3445 1171 3494 aere

126 3546 182 3606 est
206 3533 302 3606 ullus
325 3533 373 3605 ad
396 3546 564 3605 centrum
589 3547 698 3607 terrae
726 3536 842 3631 magis
866 3559 976 3631 quam
1002 3535 1049 3607 ad
1072 3535 1173 3606 aliud

126 3646 280 3742 quodvis
297 3659 475 3742 puuctum
498 3648 671 3720 universi.
725 3649 911 3722 Quoniam
928 3648 1024 3720 enim
1043 3647 1173 3742 gravia

125 3759 250 3831 omnia
276 3759 434 3831 tendunt
465 3784 488 3831 a
512 3760 808 3833 circumferentia
837 3761 1093 3856 atmosphaerae
1123 3758 1171 3832 ad

125 3886 294 3945 centrum
313 3884 433 3960 terrae‚
454 3886 490 3945 et
519 3874 605 3946 inde
632 3898 757 3947 rursus
774 3875 822 3947 ad
839 3875 1172 3948 circumferentiam

125 3987 393 4081 atmosphaerae‚
420 4011 486 4083 per
512 3989 659 4061 easdem
685 3988 800 4061 lineas
827 3989 993 4077 reflexas,
1017 4000 1172 4060 conatus

126 4122 270 4171 sursum
305 4101 454 4172 conatui
478 4099 647 4175 deorsum
676 4102 826 4197 aequalis
851 4106 933 4190 erit,
957 4112 994 4175 et
1016 4102 1172 4197 proinde

126 4226 255 4285 mutuo
271 4236 308 4283 se
323 4213 544 4307 perimentes
562 4229 694 4288 neutra
711 4216 944 4289 conabuntur
961 4215 1031 4288 via.
1071 4216 1172 4291 Quin

127 4349 223 4421 aqua
240 4325 364 4420 gravis
382 4325 441 4416 sit,
455 4350 529 4399 non
549 4328 738 4401 dubitatur
753 4359 762 4415 ;
780 4341 818 4403 et
835 4327 1015 4426 siquidem
1032 4328 1172 4403 homiui
