2946 5010
307 379 356 446 58
522 395 789 449 uxemruemo
809 396 862 449 uu
880 397 1128 450 uuunnfflo

118 583 268 627 ammons
304 560 442 646 voluit;
468 560 603 635 lineam
625 586 705 636 esse
722 586 868 660 eorpuS,
885 563 925 636 in
949 587 1022 660 quo
1048 563 1241 662 longitudo
1261 566 1344 662 qui-

120 666 264 770 „L
304 673 390 748 dem
405 685 445 748 et
461 674 540 748 sola
556 687 801 772 computatur,
818 676 975 751 latitudo
993 701 1080 751 vero
1099 701 1173 752 uon
1191 701 1344 773 compn-

303 797 427 868 tatur:
452 811 596 884 nempe,
613 789 710 862 oium
732 789 900 887 corporis
917 790 1016 880 moti,
1042 791 1147 885 crp'ua
1171 791 1345 889 corporis

302 899 406 975 nulla
428 902 689 975 consideratur
715 903 931 999 quantitas:
963 902 1273 1001 quemadmodum
1300 904 1342 976 li·

302 1036 412 1086 neam
428 1011 594 1086 definivit
613 1013 792 1087 Hobbius.

352 1126 401 1200 B.
429 1125 532 1199 Nihil
556 1137 613 1200 est
634 1127 674 1199 in
697 1125 754 1199 his
779 1125 921 1200 duabus
948 1126 1222 1201 definitionibus
1256 1129 1341 1217 tuis,

303 1237 401 1335 quod
417 1262 493 1312 non
514 1239 620 1312 valde
643 1239 891 1335 comprobem,
918 1240 990 1312 uisi
1020 1238 1120 1337 quod
1149 1264 1225 1314 uon
1250 1241 1343 1314 mihi

300 1351 469 1426 videatur
490 1376 561 1426 vox
588 1375 726 1449 corpus
752 1353 841 1427 satis
864 1354 958 1426 bene
986 1376 1116 1426 sonare
1144 1353 1184 1426 in
1214 1353 1341 1427 defini·

300 1467 462 1541 tionibus
478 1466 607 1561 puncti
625 1476 663 1539 et
680 1466 800 1538 lineae.

350 1579 399 1653 Α.
427 1579 505 1652 Cur
521 1579 560 1651 in
577 1578 791 1651 definitione
802 1576 908 1650 lineae
920 1577 979 1650 vel
996 1576 1240 1673 descriptione
1257 1578 1340 1667 hae,

299 1691 399 1766 linea
412 1693 468 1788 fit
483 1716 531 1764 eo
542 1692 658 1787 fluxu
675 1690 822 1789 puncti,
839 1714 915 1763 uon
938 1691 1033 1764 male
1058 1701 1166 1764 sonat
1188 1690 1340 1764 auribus

299 1806 374 1880 tuis
396 1830 468 1889 vox
480 1806 625 1901 florae,
650 1829 735 1879 oum
763 1805 882 1877 fluxus
912 1826 987 1877 non
1017 1805 1131 1901 possit
1162 1828 1243 1878 esse
1269 1805 1340 1879 nisi

300 1918 487 2017 corporis?
534 1920 728 2009 Praeterea,
746 1918 810 2015 qui
827 1916 955 1991 dicunt
971 1917 1106 1991 lineam
1122 1941 1201 1991 esse
1218 1918 1338 2015 lougi-

298 2032 478 2123 tudinem,
495 2057 571 2105 nou
594 2033 795 2129 loquuntur
812 2043 1005 2116 accurate3
1031 2056 1117 2104 uam
1138 2031 1337 2128 longeest,

298 2147 420 2242 potius
455 2170 565 2242 qnam
592 2145 796 2241 longitudo.
863 2143 912 2216 Et
942 2143 1114 2240 qnoniam
1144 2144 1338 2241 longitudo

297 2260 373 2333 lata
400 2258 557 2354 intelligi
586 2281 661 2330 nou
687 2267 821 2352 potest,
851 2255 1017 2330 definitio
1050 2256 1131 2330 haec
1156 2257 1335 2332 Eucliden

297 2372 395 2445 idem
412 2371 510 2445 valet
527 2395 571 2444 ao
588 2370 620 2443 si
640 2370 792 2443 dixisset
808 2366 907 2442 linea
929 2380 987 2443 eet
1011 2369 1203 2468 longitudo
1212 2399 1228 2456 ‚·
1254 2395 1337 2469 quse

299 2485 463 2558 definitio
480 2508 555 2557 uon
573 2493 640 2556 est.

347 2598 397 2671 B.
421 2597 548 2670 Tertia
564 2608 631 2686 est,
650 2594 757 2669 lineoe
773 2606 895 2669 autem
912 2596 1058 2671 termini
1079 2607 1163 2671 aunt
1180 2609 1335 2696 puncta.

299 2710 400 2784 Quid
416 2710 503 2783 huic
520 2707 693 2805 objicies?

346 2822 395 2897 Α.
422 2822 566 2919 Objicio
583 2822 846 2895 authoritatem
862 2820 1030 2910 Wallisii,
1049 2824 1112 2918 qui
1137 2826 1337 2900 terminum

296 2935 403 3008 lineae
431 2935 601 3031 primum,
637 2935 675 3007 id
702 2946 769 3024 est,
804 2934 1026 3031 principium
1055 2936 1154 3031 quod
1182 2951 1337 3014 vocatur

296 3046 458 3120 ultimum
492 3047 593 3146 quod
621 3073 703 3137 aon,
738 3048 828 3121 dicit
860 3072 936 3120 non
971 3071 1049 3120 esse
1082 3048 1195 3144 ipsius
1228 3051 1336 3127 lineae

294 3161 504 3252 terminum,
522 3161 587 3233 sed
603 3161 710 3234 lineae
726 3161 992 3234 antecedentis.
1039 3161 1195 3235 Videtur
1210 3177 1336 3238 autem

294 3284 456 3348 statuere
483 3274 681 3348 terminum
715 3273 825 3346 etiam
851 3274 1018 3362 alterum,
1051 3297 1195 3371 nempe,
1222 3278 1335 3352 finem

294 3388 411 3476 lineae,
441 3411 520 3461 esse
553 3387 594 3460 in
626 3387 723 3459 linea
757 3386 937 3483 sequenti,
968 3396 1006 3459 et
1039 3388 1165 3460 vocari
1200 3388 1335 3465 debere

287 3500 570 3601 primumquod
587 3500 653 3573 sic.
705 3501 835 3596 Itaque
852 3510 917 3573 aut
934 3498 1046 3571 falsus
1064 3512 1121 3573 est
1136 3501 1334 3594 Wallisius,

294 3626 358 3689 aut
375 3613 544 3688 Euclides
560 3613 674 3685 falsus
691 3625 782 3699 erat,
797 3612 861 3709 qui
878 3611 1055 3686 terminos
1072 3612 1180 3686 lineae
1197 3614 1237 3688 in
1254 3615 1334 3711 ipsa

294 3728 424 3802 statuit
443 3727 551 3800 linea.
608 3725 682 3798 Sed
707 3749 781 3799 uon
804 3725 952 3798 videtur
975 3725 1047 3799 hoo
1074 3725 1156 3800 loco
1173 3728 1334 3803 voluisse

292 3840 463 3914 Euclides
489 3841 686 3937 quicquam
712 3837 889 3921 definire;
922 3863 992 3912 neo
1021 3839 1122 3913 aliud
1150 3842 1333 3938 explicare

293 3976 404 4048 quam
418 3954 490 4027 hoo
507 3954 639 4050 ipsum,
657 3953 833 4025 terminos
849 3951 957 4024 lineae
974 3976 1050 4025 non
1066 3976 1147 4027 esse
1164 3957 1332 4030 conside-

293 4066 428 4139 randos
445 4078 550 4139 extra
565 4066 683 4162 ipsam
699 4065 847 4137 lineam.

345 4178 395 4252 B.
422 4179 566 4254 Quarta
582 4190 649 4269 est,
668 4188 776 4252 recta
789 4177 889 4250 linea
902 4186 970 4265 est,
986 4202 1068 4274 qaae
1086 4204 1131 4252 ec
1144 4205 1246 4275 ecquo
1263 4205 1333 4254 sua

293 4293 651 4390 iaterjrtcetponcta.
704 4289 833 4366 Qualis
850 4289 1020 4363 videtur?
