2946 5010
306 377 354 445 88
519 393 785 449 exauruarro
805 396 856 448 nu
874 395 1120 449 sacunino

117 583 267 628 nrauoaus
303 562 493 634 materiam
510 560 692 658 colloquio
718 571 845 635 nostro
872 561 1148 635 subministrare
1171 570 1337 657 possunt,

119 665 261 772 ,L
303 673 532 747 discutienda
548 674 718 771 deligam,
736 698 783 748 ne
805 698 850 748 ea
866 697 948 770 quae
969 673 1168 748 utilitatem
1185 673 1336 762 nullam,

301 787 507 861 molestiam
541 787 690 862 nimiam
733 789 839 862 nobis
880 787 1037 863 allatura
1073 800 1170 874 suut,
1205 787 1336 884 saepius

300 911 517 997 repetamus.

571 1455 820 1531 DIALOGUS
846 1454 1070 1529 TERTIUS.

350 1797 399 1873 B.
426 1798 599 1895 Legistin'
617 1798 759 1895 reliqua
774 1797 1016 1873 arithmetica
1032 1797 1281 1874 Wallisiauael

348 1912 398 1985 A.
426 1912 493 1986 Ita.

350 2025 399 2099 B.
426 2025 584 2100 Plenane
618 2024 790 2097 videntur
820 2020 900 2107 tibi,
939 2022 1035 2097 sicut
1067 2024 1335 2114 antecedentia,

298 2137 508 2212 erroribus?

345 2252 397 2326 Α.
424 2252 589 2325 Minime.
633 2250 727 2324 Sunt
748 2249 848 2322 enim
871 2247 1046 2346 pleraque
1071 2273 1117 2324 ex
1145 2251 1192 2324 iis
1218 2252 1335 2326 arith-

297 2365 441 2439 meticae
457 2364 559 2437 libris
577 2363 781 2459 desumpta,
797 2361 860 2458 qui
872 2363 995 2458 pueris
1007 2362 1194 2437 ediscendi
1207 2365 1335 2462 scripti

296 2491 406 2562 sunt;
433 2487 568 2550 caetera
584 2487 648 2548 aut
669 2473 876 2571 Ougthredi
898 2486 995 2564 sunt,
1009 2486 1074 2548 aut
1102 2477 1263 2551 maxima
1288 2503 1334 2553 ex

295 2602 401 2687 parte
419 2591 521 2664 falsa.

348 2703 397 2776 B.
425 2703 499 2776 Sed
516 2727 598 2799 quae
616 2702 661 2775 ab
682 2701 762 2774 aliis
784 2699 925 2790 habuit,
951 2701 1029 2797 ipse
1056 2702 1153 2776 solus
1182 2704 1333 2780 demon-

296 2817 437 2889 stravit.

346 2928 394 3000 A.
423 2928 553 3025 Neque
565 2929 635 3001 hoc
653 2928 814 3025 quidem.
852 2930 989 3003 Verum
1005 2930 1086 3003 haec
1099 2929 1334 3026 interlegeu-

296 3041 383 3113 dum
397 3041 708 3114 considerabimus
722 3043 940 3116 accuratius.
976 3044 1019 3117 In
1034 3043 1163 3139 Capite
1177 3044 1332 3133 decimo,

295 3154 586 3227 numerationem
604 3155 641 3226 in
660 3155 756 3228 notis
779 3156 1025 3228 numeralibus
1043 3155 1255 3252 vulgaribus
1273 3180 1333 3230 ex-

295 3266 418 3362 plicat,
446 3280 484 3341 et
507 3269 683 3365 cujusque
706 3280 804 3342 notae
830 3280 908 3343 tum
934 3269 1134 3366 proprium,
1157 3282 1237 3343 tum
1261 3271 1332 3345 loci

294 3381 466 3472 valorem,
484 3392 560 3455 tam
580 3382 618 3455 in
636 3382 874 3457 fractionibus
897 3383 1134 3457 decimalibus
1157 3408 1270 3480 quam
1294 3386 1332 3458 in

293 3493 458 3591 integris,
483 3495 654 3591 exponit3
681 3496 927 3592 ostenditque,
945 3496 1040 3570 sicut
1056 3520 1080 3569 a
1104 3496 1187 3570 loco
1210 3497 1332 3572 unita-

294 3623 369 3686 tum
386 3613 433 3687 ad
455 3613 537 3686 loca
559 3614 806 3708 praecedentia
827 3615 1038 3712 proceditur
1062 3637 1129 3711 per
1158 3615 1330 3714 decupla-

293 3727 443 3812 tionem,
461 3726 514 3800 ita
530 3751 553 3799 a
569 3727 650 3800 loco
673 3728 802 3801 eodem
820 3727 868 3800 ad
889 3727 971 3801 loca
997 3727 1189 3822 sequentia
1205 3752 1330 3825 proce·

294 3841 393 3914 ditur
434 3863 500 3936 per
533 3840 903 3936 subdeeuplationem.
980 3841 1145 3915 Quarum
1181 3841 1330 3938 quidem

293 3977 416 4026 rerum
447 3955 710 4027 demonstratio
737 3967 903 4042 nonest,
931 3954 995 4027 sed
1020 3953 1235 4028 constitutio
1260 3955 1330 4030 fuit

293 4066 497 4140 arbitraria.
535 4068 740 4164 Explicatio
757 4080 880 4141 autem
894 4078 932 4141 et
947 4067 1068 4141 brevis
1085 4079 1124 4141 et
1135 4069 1331 4165 perspicua

293 4191 330 4252 et
348 4194 519 4255 accurata
535 4207 558 4253 a
574 4181 748 4278 magistro
767 4182 996 4278 expectanda
1013 4191 1102 4254 erat.
1144 4180 1193 4254 Et
1210 4181 1326 4278 primo

292 4293 390 4388 quod
407 4294 454 4367 ad
472 4295 762 4369 numerationem
784 4295 954 4392 periodos
981 4294 1165 4383 adhibeat,
1183 4293 1327 4391 period-
