2946 5010
393 431 576 490 cunano
595 432 789 502 sunnam,
807 431 897 488 nnc.
1093 414 1166 487 stt

123 602 284 699 signare.
334 602 463 677 Redde
479 603 581 700 prius
596 596 754 701 gratiam
771 600 934 677 debitam
950 588 1019 698 pro
1041 598 1167 673 multis
1180 627 1222 671 sn
1232 624 1389 671 anonvm-

124 715 425 812 problematibus,
443 716 575 813 quibus
591 716 833 813 geometriam
856 713 1075 812 J‘amdudum
1092 736 1167 786 am·
1207 696 1350 734 ‘'⁷“

124 829 297 926 plificavi.
348 829 434 902 Nou
467 829 574 920 solet,
601 829 756 928 inquies,
782 829 876 903 fieri.
933 828 1049 902 Recte
1081 826 1165 900 boc.

124 942 270 1016 Faciam
288 965 378 1039 ergo
394 942 519 1038 gratis.

126 1112 130 1119 .
176 1053 409 1150 Intelligatur
420 1065 543 1128 sector
560 1054 775 1150 quadrantis
793 1053 892 1128 ABG
904 1053 1019 1128 dividi
1035 1052 1074 1127 iu
1087 1077 1167 1129 rec·

123 1167 172 1242 tis
188 1166 295 1241 lineis
312 1153 370 1241 ad*
378 1180 547 1241 centrum
564 1167 598 1240 A
615 1189 768 1240 numero
786 1190 1008 1264 quocunque
1031 1167 1166 1257 ductis,

124 1280 202 1354 siue
231 1279 439 1353 latitudine.
491 1279 637 1352 Horum
665 1290 850 1354 sectorum
875 1282 1032 1355 vertices
1058 1294 1168 1357 erunt

124 1402 181 1466 tot
197 1404 346 1488 puncta,
364 1402 456 1488 quot
481 1403 569 1464 sunt
594 1389 704 1466 factae
730 1406 856 1489 partes
879 1392 992 1466 totius
1015 1393 1168 1468 sectoris

123 1505 237 1579 ABC.
291 1504 417 1595 Quare
434 1505 589 1600 angulus
606 1517 730 1579 rectus
757 1505 854 1580 Bne
882 1506 1084 1581 continebit
1109 1519 1169 1582 tot

123 1629 309 1692 sectorum
339 1618 555 1716 exiguorum
582 1619 751 1706 vertices,
778 1631 870 1715 quot
896 1633 984 1693 sunt
1012 1619 1052 1693 in
1078 1644 1168 1717 qua-

124 1730 257 1805 drante
270 1730 373 1804 'ABG
390 1740 545 1827 sumptae
562 1743 698 1828 partes.
750 1733 942 1806 Sectorum
964 1732 1077 1830 igitur
1100 1720 1169 1806 bo-

124 1867 207 1916 rum
225 1844 439 1942 exiguorum
458 1845 576 1918 latera
592 1869 668 1919 uon
681 1856 902 1920 concurrent
920 1846 958 1919 iu
970 1857 1108 1943 puncto
1121 1847 1169 1938 Α,

124 1956 191 2031 sed
218 1956 338 2053 ipsum
370 1955 547 2031 divident.
610 1957 839 2031 Concurrent
869 1983 958 2056 ergo
989 1969 1093 2032 extra
1121 1959 1169 2048 Α,

124 2091 256 2166 nempe
274 2070 341 2143 GA
359 2081 465 2143 extra
481 2069 702 2167 quadratum
720 2071 914 2167 producta.

175 2184 300 2257 Posita
317 2207 405 2279 ergo
425 2184 479 2256 Ac
502 2192 563 2271 32,
580 2195 682 2256 recta
708 2197 854 2280 sumpta
882 2209 905 2258 a
929 2195 1067 2281 puncto
1097 2183 1170 2257 hoc

125 2307 231 2370 extra
243 2296 464 2393 quadratum
482 2295 707 2384 indivisibili,
725 2297 755 2369 si
769 2298 836 2371 fiat
853 2297 924 2394 ipsi
937 2297 994 2371 Ac
1007 2297 1168 2392 aequalis,

125 2409 233 2484 cadet
258 2411 402 2485 infrac.
453 2412 502 2484 Et
530 2409 616 2483 huic
643 2410 771 2484 addita
787 2410 857 2499 οὓ,
876 2411 985 2484 cadet
1005 2410 1102 2484 infra
1119 2410 1167 2485 Q.

124 2524 174 2597 Et
191 2522 277 2597 huic
293 2547 421 2598 rursus
438 2523 567 2598 addita
583 2524 663 2613 QG,
682 2524 790 2598 cadet
808 2523 904 2596 infra
927 2525 969 2598 G.
1021 2525 1069 2597 Et
1092 2536 1168 2598 tres

124 2637 199 2711 illae
223 2636 331 2710 iineae
356 2649 445 2710 sunt
471 2636 629 2733 aquales
654 2638 773 2711 tribus
792 2637 858 2726 Ac,
871 2637 954 2726 Aa,
970 2636 1049 2726 AG,
1063 2649 1101 2712 et
1130 2637 1169 2711 iu

123 2749 422 2824 eademratione.

177 2863 296 2938 Causa
313 2888 401 2961 ergo
420 2887 533 2962 quare
550 2864 711 2939 calculus
728 2864 980 2939 arithmeticus
1001 2863 1124 2937 differt
1146 2886 1170 2937 a

124 2978 363 3075 geometrico,
381 2977 462 3051 haec
474 2989 551 3059 estz
569 2977 668 3076 quod
686 2978 864 3050 linearum
882 2978 961 3050 sine
974 2975 1168 3049 latitudine

124 3088 289 3162 nihilitas
302 3089 394 3162 facit
405 3103 450 3163 ut
461 3089 622 3163 calculus
634 3089 886 3163 arithmeticus
900 3088 1052 3183 incipiat
1064 3100 1169 3160 extra

125 3200 359 3296 quadratum,
377 3213 415 3273 et
432 3201 593 3273 calculus
620 3200 865 3296 geometricus
883 3201 1013 3296 incipit
1033 3199 1071 3272 in
1089 3201 1168 3296 ipso

126 3312 305 3410 quadrato
322 3312 369 3385 ad
387 3323 565 3408 punctum
584 3311 631 3387 A.

177 3427 362 3500 Distantia
387 3439 512 3499 autem
538 3450 621 3523 quae
639 3437 695 3499 est
711 3425 808 3499 inter
827 3424 862 3498 A
885 3436 923 3499 et
949 3447 1169 3499 concursum

127 3554 312 3614 rectarum
337 3538 547 3632 (latitudine
575 3539 795 3632 carentium)
825 3539 864 3613 in
882 3539 951 3613 GA
976 3538 1169 3635 producta,

128 3655 196 3727 erit
215 3654 253 3726 iu
268 3653 410 3727 calculo
427 3652 661 3726 arithmetico
676 3651 812 3726 unitos.

390 3887 445 3940 Ab
464 3887 807 3940 PROPOSITIONRM
826 3887 921 3940 viu.

179 4003 385 4100 Propositio
411 4002 474 4075 viii
501 4002 581 4077 haec
604 4014 686 4076 est:
714 4012 761 4077 25
786 4002 967 4099 quadrata
991 4026 1015 4076 a
1040 4000 1171 4098 quintu

127 4130 232 4215 parte
245 4140 352 4190 arcus
372 4116 447 4201 BC,
465 4117 523 4189 vel
540 4126 651 4190 rectae
668 4116 725 4206 Gi,
743 4116 899 4213 aequalia
915 4127 1001 4189 sunt
1023 4124 1066 4190 10
1084 4138 1172 4211 qua-

129 4230 245 4303 dratis
263 4253 286 4301 a
303 4228 498 4301 semiradio
516 4229 592 4303 CO.

178 4342 324 4417 Falsum
340 4353 410 4431 est,
426 4340 517 4418 dicit
531 4373 541 4428 ;
566 4341 700 4440 primo,
717 4341 804 4441 quia
820 4365 928 4418 arcus
942 4340 1005 4417 BC
1021 4363 1097 4417 uon
1114 4350 1172 4415 est

129 4458 277 4556 Qualis
294 4469 405 4532 rectae
423 4455 481 4531 Gi.
