2946 5010
444 428 724 483 Ριιοιιιιιιιιτι
743 430 937 485 rursrcA.
1138 411 1212 493 347

171 607 210 673 et
226 596 331 695 quasi
354 595 610 673 dubitabunda
630 609 756 690 staret,
776 599 842 674 sed
866 621 942 674 non
970 598 1054 673 diu:
1079 596 1213 673 deinde
1254 623 1398 727 Q

171 711 294 785 subito
323 721 360 784 et
382 710 559 785 velociter
588 723 835 810 procurreret,
858 712 976 786 donec
998 736 1023 786 a
1042 711 1213 786 scabritie
1227 749 1428 808 mmm„

169 823 371 921 pavimenti
388 836 628 900 everteretur.
1226 814 1429 925 fflffl'*

220 937 270 1011 A.
295 937 505 1033 Antequam
523 937 772 1036 relinquamus
797 962 941 1029 navem,
960 937 1020 1012 dic
1042 937 1134 1012 mihi
1151 938 1216 1037 qui

169 1051 213 1124 fit
244 1060 288 1122 ut
315 1049 450 1146 exiguo
473 1052 724 1147 gubernaculo
748 1052 909 1127 maxima
930 1052 1034 1127 navis
1056 1077 1080 1126 a
1106 1075 1217 1127 cursu

170 1187 237 1238 suo
255 1161 488 1238 deflectatur.

222 1276 272 1349 B.
300 1276 343 1349 ld
360 1277 404 1350 fit
420 1301 497 1351 non
515 1276 594 1351 solo
606 1276 870 1376 gubernaculo.
921 1277 1037 1351 Navis
1050 1301 1073 1351 a
1085 1278 1218 1374 guber·

170 1388 303 1463 naculo
320 1389 359 1462 in
372 1414 468 1486 aqua
478 1402 674 1485 stagnante
688 1391 855 1465 converti
865 1415 940 1465 non
951 1401 1085 1486 potest,
1096 1414 1216 1488 neque

170 1501 209 1575 in
226 1524 324 1597 aqua
339 1504 557 1577 naturaliter
569 1505 787 1599 profluente,
802 1505 913 1578 modo
931 1505 1035 1578 navis
1052 1505 1169 1578 libera
1178 1515 1217 1579 et

171 1613 292 1688 soluta
309 1615 367 1688 sit.
420 1617 523 1713 Opus
542 1631 597 1691 est
613 1619 821 1715 profluente
843 1619 1001 1716 pervim
1024 1630 1216 1693 externam

171 1726 230 1800 vel
246 1729 349 1802 venti
361 1729 421 1803 vel
431 1754 629 1805 remorum.
667 1731 711 1806 In
728 1732 794 1805 tali
811 1734 1018 1829 profluente
1035 1732 1066 1804 si
1082 1733 1217 1829 guber-

171 1841 344 1914 naculum
368 1842 417 1916 ad
438 1867 572 1940 aquam
597 1845 783 1919 labentem
809 1870 832 1919 a
857 1870 969 1943 prora
990 1845 1038 1918 ad
1063 1846 1217 1942 puppim

171 1952 319 2049 oblique
336 1967 517 2043 teneatur,
537 1957 635 2031 actio
652 1981 758 2053 aqnae
775 1958 814 2030 in
838 1960 957 2054 ipsum
980 1958 1219 2055 impingentis

172 2089 248 2139 non
273 2067 421 2164 obliqua
444 2070 526 2159 erit,
544 2070 621 2159 sed,
639 2082 681 2143 ut
705 2094 816 2166 supra
833 2083 1022 2144 ostensum
1047 2080 1115 2160 est,
1134 2095 1217 2167 per-

172 2178 444 2276 pendicularis:
471 2182 570 2255 unde
595 2206 745 2256 necesse
773 2195 830 2256 est
856 2197 898 2257 ut
925 2185 1029 2257 navis
1057 2208 1081 2256 a
1109 2207 1220 2257 cursu

174 2293 401 2385 deflectatur,
420 2306 532 2391 atque
549 2296 602 2368 ita
620 2296 836 2369 deflectatur
853 2310 895 2371 ut
911 2321 1022 2394 prora
1034 2296 1165 2370 tendat
1180 2297 1220 2370 in

174 2429 255 2479 eam
273 2406 462 2503 regionem
479 2407 527 2481 ad
546 2431 656 2503 quam
673 2409 873 2482 inclinatur
889 2411 929 2482 in
946 2433 1069 2506 puppe
1086 2410 1221 2505 guber-

173 2520 358 2593 naculum.
395 2521 699 2595 Animadvertisti
710 2523 833 2609 credo,
848 2523 888 2596 in
901 2523 1053 2596 flumine
1063 2522 1221 2612 Tamesi,

174 2635 307 2729 exigua
324 2634 494 2730 quaedam
511 2634 738 2708 descendere
754 2636 902 2732 navigia
919 2636 1127 2732 apartibus
1144 2635 1223 2708 An-

174 2746 258 2841 gliae
276 2747 575 2833 occidentalibus,
589 2770 655 2844 per
671 2748 809 2821 flumen
823 2748 988 2822 nondum
1004 2749 1058 2822 ita
1069 2747 1224 2845 profun-

175 2858 264 2933 dum
281 2873 323 2933 ut
340 2885 455 2958 prope
472 2861 624 2933 urbem:
651 2886 808 2959 quorum
826 2862 1077 2958 gubernacula
1092 2862 1225 2935 latiora

175 2974 291 3046 multo
309 2987 396 3049 sunt
414 2998 522 3070 quam
542 2976 791 3070 gubernacula
805 2976 1047 3049 maximarum
1062 2977 1223 3049 navium.

177 3085 301 3158 Quare
318 3087 402 3174 hoc,
421 3088 491 3159 nisi
508 3099 550 3159 nt
576 3112 709 3184 aquam
727 3089 882 3161 multam
907 3090 1122 3177 sustineant,
1141 3113 1225 3183 quae

176 3195 214 3267 in
242 3221 317 3271 non
342 3199 526 3294 profundo
552 3201 704 3274 flumine
732 3201 1004 3297 intercipienda
1029 3213 1086 3274 est
1109 3224 1225 3299 prope

176 3331 282 3404 aquae
301 3311 530 3405 superficiem
546 3311 559 3382 l

226 3422 275 3493 A.
304 3422 398 3495 Quae
416 3446 527 3495 causa
544 3435 600 3496 est
617 3422 741 3496 nivis?

229 3534 277 3607 B.
305 3535 444 3608 Eadem
477 3560 599 3631 quam,
628 3560 713 3608 cum
742 3536 978 3632 loqueremur
1002 3537 1048 3610 de
1076 3536 1225 3628 duritie,

177 3648 352 3744 supposui
368 3672 437 3743 pro
452 3672 560 3720 causa
580 3648 741 3721 duritiei.
778 3650 906 3723 Motus
924 3651 1022 3723 enim
1041 3651 1102 3723 ille
1116 3675 1226 3747 quem

177 3762 352 3858 supposui
369 3763 407 3835 iu
426 3763 558 3835 tellure
573 3775 611 3835 et
624 3762 701 3835 sole
712 3787 835 3836 aerem
848 3765 1112 3861 rejicientibus
1124 3787 1226 3860 mog-

178 3900 266 3948 uum
281 3877 375 3949 aeris
394 3890 569 3949 conatum
588 3876 702 3950 efficit
720 3902 741 3949 a
759 3878 861 3950 Zona
879 3877 1038 3951 Torrida
1052 3878 1226 3973 utrinque

177 4014 305 4063 versus
323 3992 439 4087 polos.
493 3991 567 4065 Qui
590 4015 653 4063 aer
683 4014 750 4086 per
775 3992 892 4064 nubes
915 3991 1081 4065 nondum
1104 3991 1227 4087 gravi-

179 4103 346 4176 dissimas
364 4104 559 4195 transiens,
577 4104 754 4200 guttulas,
774 4104 969 4200 exquibus
994 4106 1112 4178 nubes
1138 4127 1227 4179 con-

179 4230 264 4309 stat,
296 4219 459 4292 radendo
493 4218 677 4315 congelat,
708 4218 837 4293 eodem
871 4217 981 4313 plane
1012 4217 1122 4292 modo
1152 4240 1227 4314 quo
