2946 5010
309 433 358 500 28
526 448 796 503 nxuuruarro
816 451 867 503 nr
885 449 1135 505 nununurro

118 639 269 682 armosos
306 641 598 714 permansuram
615 618 775 715 cognita,
791 617 899 714 juxta
911 641 1021 715 quam
1035 631 1180 693 caeterae
1193 632 1352 716 possunt

120 721 264 825 ,ζ’-μ
306 732 492 821 aestimari,
521 730 686 805 definitio
720 732 933 827 geometriae
964 733 1098 806 clarior
1127 733 1209 823 erit,
1236 733 1268 807 si
1296 735 1350 808 sio

305 843 492 929 dicamus;
507 845 716 943 geometria
726 853 782 915 est
792 844 953 918 scientia
964 845 1235 919 determinanda?
1245 871 1350 944 mog-

304 958 518 1048 aitadiaem,
552 958 630 1031 siae
656 957 839 1055 corporis,
874 957 951 1031 aioe
976 958 1163 1057 temporis,
1188 959 1266 1032 aioe
1291 959 1351 1032 rei

305 1070 500 1168 cujuslibet
514 1096 584 1143 noa
600 1080 832 1160 mensurata,
849 1095 925 1168 per
941 1072 1251 1169 comparationem
1269 1074 1351 1169 ejas

305 1208 385 1257 curn
403 1183 484 1257 ulia
501 1181 561 1256 oei
575 1182 664 1256 aliia
679 1182 997 1280 magnitudinibus
1013 1183 1250 1256 mensuratis.

355 1297 404 1370 B.
430 1297 620 1392 Exquisite
637 1296 721 1369 hoc.
773 1297 821 1369 Et
833 1297 1007 1392 quoniam
1024 1296 1243 1392 magnitudo
1261 1321 1349 1369 con-

304 1409 409 1483 tinua
426 1409 599 1507 quaelibet
616 1410 703 1483 data
715 1408 829 1482 dividi
842 1420 967 1505 potest
979 1411 1018 1483 in
1031 1422 1154 1506 partes
1168 1410 1349 1506 quotlibet

304 1523 497 1619 aliquotas,
515 1523 658 1596 ratione
675 1524 754 1620 ejus
771 1522 819 1596 ad
832 1523 1034 1617 quamlibet
1048 1524 1156 1597 aliam
1174 1547 1249 1596 non
1268 1547 1347 1596 mu·

304 1648 394 1726 tata,
422 1637 657 1710 manifestum
686 1648 744 1708 est
774 1635 1045 1710 arithmeticam
1075 1637 1114 1710 in
1144 1638 1348 1732 geometria

304 1750 497 1823 contineri.
551 1749 625 1823 Sed
658 1750 766 1844 cupio
798 1750 911 1822 etiam
938 1749 1189 1823 definitionem
1219 1751 1347 1824 audire

303 1862 546 1937 arithmeticae
563 1864 715 1937 seorsim
733 1887 756 1935 a
772 1863 987 1960 geometria.

353 1975 402 2049 A.
430 1975 681 2049 arithmetica
707 1986 766 2048 eat
788 1975 948 2048 scientia
969 1974 1240 2050 determinoadi
1257 1976 1347 2050 mul-

301 2087 494 2162 titudinem
511 2112 637 2162 rerum
657 2113 728 2162 non
746 2097 1031 2178 numeratorum,
1048 2113 1127 2186 per
1151 2113 1347 2187 conmora-

302 2203 433 2274 tionem
457 2227 536 2275 cam
564 2210 759 2275 numerata
784 2199 842 2273 vel
864 2201 1080 2274 numeraris.
1135 2203 1266 2299 Itaque
1283 2202 1347 2300 qui

301 2313 348 2387 de
366 2315 573 2412 quantitate
589 2315 743 2410 loquens
757 2313 944 2401 continua,
957 2327 1148 2409 geometra
1160 2326 1228 2402 est,
1246 2315 1346 2389 idem

303 2429 349 2502 de
376 2428 506 2501 eadem
531 2428 683 2523 loquens
710 2426 917 2524 quantitate
944 2436 987 2500 ut
1009 2426 1128 2501 divisa
1157 2429 1196 2502 in
1218 2442 1347 2525 partes

305 2541 500 2636 aliquotas,
519 2550 575 2612 est
593 2539 856 2612 arithmeticus.

355 2655 405 2728 B.
432 2653 635 2727 Assentior.
686 2650 912 2748 Progredere
929 2652 1078 2726 adalia.

354 2767 403 2840 A.
430 2766 601 2841 Proximo
631 2765 713 2838 loco
745 2766 833 2862 poni
860 2777 1048 2862 oporteret
1065 2766 1234 2864 Physica
1258 2767 1348 2843 Uni-

303 2880 413 2968 versi,
431 2879 610 2976 siquidem
633 2879 679 2952 ab
708 2878 856 2952 homine
883 2881 1024 2976 acquiri
1040 2891 1175 2977 posset,
1194 2906 1267 2978 qua
1284 2882 1350 2956 de-

304 2993 564 3066 terminaretur
578 2991 794 3087 magnitudo
806 3004 844 3065 et
857 3005 978 3066 motus
995 2993 1157 3066 universi
1171 3005 1349 3090 tanquam

305 3105 468 3201 corporis
487 3104 606 3193 unius,
634 3116 672 3177 et
695 3128 923 3201 qnaecunque
947 3104 1034 3178 inde
1060 3117 1346 3201 consequuntur.

303 3218 429 3292 Tertio
452 3217 547 3304 loco,
574 3217 741 3291 succedit
767 3218 932 3305 scientia,
957 3242 1031 3313 qua
1055 3218 1349 3294 determinantur

305 3356 500 3429 corporum
531 3332 733 3405 coelestium
760 3331 969 3419 visibilium,
1000 3329 1039 3403 id
1064 3341 1132 3420 est,
1158 3332 1348 3406 stellarum

305 3459 384 3519 tum
411 3446 566 3517 fixarum
583 3458 663 3518 tum
687 3445 928 3542 planetarum,
947 3444 1211 3539 comprehenso
1237 3446 1348 3519 etiam

220 3624 223 3629 ,
304 3558 415 3655 globo
445 3559 598 3647 telluris,
629 3568 668 3631 et
697 3569 863 3631 motuum
897 3558 1028 3653 quibus
1063 3581 1191 3630 eorum
1217 3583 1347 3633 unum·

305 3670 477 3768 quodque
504 3670 633 3759 fertur,
655 3671 952 3767 magnitudines;
980 3668 1258 3767 appellaturque
1276 3672 1348 3746 As·

306 3784 499 3857 tronomia.
552 3784 709 3871 Quarto,
736 3782 890 3855 scientia
911 3804 984 3876 qua
1004 3794 1126 3855 motus
1149 3805 1347 3879 corporum

305 3898 542 3971 invisibilium
562 3896 865 3984 determinantur,
892 3894 1063 3989 aquibus
1080 3895 1193 3985 calor,
1218 3895 1348 3993 frigus,

304 4011 440 4099 lumen,
458 4023 673 4105 caeteraeqne
692 4009 885 4105 qualitates
909 4020 1145 4103 generantur,
1164 4019 1202 4081 et
1220 4033 1348 4105 opera·

305 4124 423 4196 tiones
443 4146 518 4196 non
541 4124 642 4211 visae,
666 4122 874 4218 gradusque
902 4145 1029 4193 earum
1054 4120 1168 4193 fiunt:
1195 4133 1348 4196 vocatur

305 4247 426 4308 autem
446 4234 621 4331 Physica.
676 4233 816 4308 Deinde
833 4231 881 4305 ad
899 4245 1082 4306 astrorum
1106 4245 1228 4329 partes
1247 4236 1348 4308 veni-

305 4360 418 4439 entes,
436 4347 476 4422 id
494 4359 563 4438 est,
580 4349 627 4422 ad
644 4358 768 4444 partes
784 4346 885 4443 globi
899 4347 1096 4439 terrestris,
1110 4347 1211 4439 (nam
1229 4359 1347 4422 astro·
