2946 5010
443 425 724 479 naoanuuars
743 424 935 480 carmos.
1136 411 1209 477 349

167 589 344 664 imitatur.
376 590 501 664 Quare
519 590 549 663 si
566 591 631 664 fiat
648 601 692 663 ut
708 612 908 687 granorum
921 588 1089 662 cumulus
1102 589 1210 663 simul

168 702 337 798 crepitet,
355 725 503 776 necesse
521 713 577 776 est
594 715 637 776 ut
652 703 779 799 fragor
795 725 950 797 magnus
966 702 1026 775 sit

218 816 269 889 A.
297 815 370 888 Sed
387 828 585 912 antequam
601 839 733 889 aurum
750 817 817 888 fiat
837 814 1049 903 fulminans,

168 942 286 1019 catur,
302 941 346 1003 ut
363 928 628 1025 chymistarnm
645 930 758 1003 verbo
775 940 882 1002 utar·
907 928 1032 1019 idest,
1049 928 1211 1003 salelni-

168 1057 242 1132 tur,
255 1056 292 1116 et
311 1043 444 1116 deinde
461 1043 638 1140 paulatim
656 1043 874 1117 desiccatur.

218 1154 266 1228 B.
294 1154 338 1228 ld
354 1165 423 1246 est,
440 1179 536 1252 aqua
553 1167 786 1252 evaporatur,
805 1153 858 1227 sal
872 1154 1114 1250 relinquitur:
1140 1155 1213 1229 sal·

169 1280 247 1342 tem
268 1267 511 1364 aliquantum,
529 1267 628 1365 quod
653 1267 832 1341 siccatum
856 1266 1071 1341 indurescit.
1123 1269 1211 1343 Non

170 1405 259 1477 ergo
286 1382 334 1456 ab
361 1405 452 1456 auro
475 1382 602 1478 fragor
631 1381 705 1471 ille,
730 1380 796 1454 sed
822 1405 845 1454 a
868 1379 943 1453 sale
972 1404 1052 1455 esse
1073 1393 1209 1479 potest.

170 1495 267 1568 Sunt
283 1495 381 1567 enim
397 1495 566 1591 pulveres
579 1493 691 1568 etiam
704 1493 769 1567 alii
780 1492 912 1589 quibus
924 1516 1054 1568 aurum
1067 1494 1211 1569 nullum

1257 608 1325 652 ΟΔΡ.
1340 609 1382 650 VI.

1249 677 1393 713 *ed

169 1607 278 1697 inest,
297 1607 361 1703 qui
377 1618 501 1680 tamen
520 1605 687 1680 calefacti
705 1629 836 1680 sonum
854 1605 969 1680 edunt
992 1631 1066 1680 non
1091 1608 1212 1682 mino-
1315 1661 1319 1671 ·

170 1742 249 1792 rem
279 1743 390 1816 quam
417 1742 547 1792 aurum
578 1718 786 1792 fulminans.
844 1717 1035 1815 Obymista
1063 1721 1213 1817 quidam

170 1831 288 1904 nostri
305 1831 480 1926 temporis
497 1831 668 1921 affirmat,
685 1831 785 1928 quod
803 1830 857 1904 sal
870 1832 1000 1905 tartari
1018 1846 1056 1906 et
1073 1835 1212 1908 nitrum

172 1968 256 2017 cum
273 1942 423 2040 paululo
440 1943 587 2017 sulfuris
600 1944 728 2032 mixta,
743 1954 782 2016 et
799 1944 837 2017 in
850 1944 1037 2041 pulverem
1050 1947 1212 2036 redacta,

171 2069 210 2130 et
227 2056 415 2144 calefacta,
431 2055 616 2152 fragorem
633 2057 797 2130 efficiunt
814 2071 991 2153 quantum
1013 2057 1102 2133 facit
1119 2059 1214 2134 sclo-

172 2181 278 2265 petus
296 2168 463 2242 militaris
480 2169 543 2264 qui
560 2180 791 2265 musquettus
805 2169 1021 2266 appellatur.

224 2281 273 2354 A.
299 2280 455 2354 Videtur
486 2282 577 2354 mihi
606 2304 727 2379 operae
756 2282 915 2378 pretium
944 2282 1119 2373 facturus,
1150 2285 1213 2380 qui

173 2394 332 2492 experiri
348 2394 459 2468 vellet
477 2407 657 2491 quantum
674 2395 847 2469 effectum
864 2394 1042 2470 haberent
1054 2397 1214 2494 pulveris

174 2508 280 2582 istius
301 2508 396 2601 (auri
413 2508 564 2604 inquam
580 2507 823 2602 fulminantis)
847 2508 970 2603 plnres
987 2510 1095 2583 simul
1111 2510 1215 2585 librae

175 2621 214 2693 in
234 2644 369 2716 magno
392 2619 557 2717 sclopeto
574 2619 825 2718 poliorcetico,
842 2620 1025 2718 gradatim
1048 2646 1071 2696 a
1093 2622 1216 2698 favilla

175 2733 295 2808 calida
312 2734 510 2808 calefactae.

226 2848 274 2924 B.
302 2846 406 2921 Idem
422 2846 554 2920 sentio.

226 2960 275 3033 A.
303 2961 405 3035 Quid
421 2970 478 3034 est
500 2958 537 3032 id
556 2959 656 3056 quod
672 2959 802 3051 nubes,
818 2973 862 3036 ut
880 2960 983 3052 dicis,
1002 2962 1216 3060 congelatas

174 3071 332 3168 frangit?

224 3182 272 3257 B.
325 3183 484 3258 Quando
498 3184 576 3258 dies
590 3184 700 3259 calidi
715 3195 813 3276 sunt,
827 3184 881 3258 sol
892 3210 1063 3281 magnam
1079 3190 1217 3263 excitat

175 3297 319 3392 copiam
334 3321 512 3392 vaporum
530 3310 609 3370 tum
621 3322 642 3370 e
653 3298 758 3385 mari,
772 3311 852 3371 tum
865 3300 977 3372 etiam
994 3323 1015 3372 e
1032 3300 1121 3374 locis
1138 3325 1216 3375 om-

177 3410 284 3483 nibus
306 3409 540 3504 palustribus.
593 3410 663 3483 His
681 3410 878 3507 vaporibus
895 3411 1142 3507 pendentibus
1158 3437 1216 3488 as-

177 3536 333 3618 surgunt
346 3521 408 3594 alii
421 3521 565 3617 aliique.
599 3523 938 3619 Saepcautemdum
951 3548 1037 3622 pars
1050 3526 1216 3601 ascendit

178 3645 215 3708 et
231 3658 316 3732 pars
340 3632 543 3724 descendit,
560 3636 677 3709 nubes
699 3636 795 3709 fiunt
819 3638 945 3733 spissae
969 3651 1008 3712 et
1030 3640 1138 3713 simul
1158 3665 1218 3715 ca-

178 3772 356 3837 vemosae,
386 3771 453 3844 per
480 3771 571 3842 quas
599 3771 790 3844 expressus
816 3773 880 3823 aer
905 3752 1030 3825 multis
1060 3753 1098 3826 in
1128 3753 1219 3827 locis

178 3862 361 3935 transiens
396 3861 512 3933 nubes
541 3862 724 3958 congelat,
753 3886 797 3935 eo
832 3886 941 3959 quem
975 3867 1108 3963 saepius
1141 3865 1219 3940 dixi

177 3975 288 4048 modo
306 3973 494 4046 indurans.

227 4088 275 4161 A.
305 4086 349 4160 ld
367 4109 580 4160 concessum
597 4098 685 4159 ante
702 4099 769 4161 est.
823 4088 959 4164 Quaero
986 4102 1123 4182 autem,
1143 4116 1219 4177 non

176 4203 274 4275 unde
293 4202 331 4273 in
348 4200 503 4296 glaciem
521 4212 775 4290 concrescunt,
789 4202 853 4276 sed
870 4229 893 4278 a
910 4228 983 4301 qua
996 4229 1107 4280 causa
1122 4218 1221 4304 post·

178 4340 290 4411 quam
308 4313 506 4388 durescant
523 4313 795 4409 diffringnntur.
