2946 5010
475 436 530 487 nu
550 436 720 490 narona
738 438 875 492 arms.
1122 423 1197 503 267

151 601 300 689 incussi,
319 611 375 675 est
405 606 629 700 compressio
653 605 752 679 intra
778 607 939 681 vesicam
970 631 1054 703 qnae
1081 619 1197 699 extra,

152 716 256 810 cujus
283 726 448 806 conatus,
469 730 621 813 propter
647 718 745 792 viam
769 731 935 794 motuum
960 721 1199 818 undiquaque

152 828 396 917 decussatum,
414 830 534 903 tendit
555 831 792 928 undiquaque
814 832 862 906 ad
889 835 1121 930 superficiem
1137 858 1200 908 ve-

153 942 238 1015 sicae
252 965 463 1015 concavam.
517 943 640 1018 Quare
664 948 909 1019 necessarium
938 948 1064 1020 est'ut
1090 947 1200 1022 undi-

154 1078 298 1152 quaque
311 1056 590 1145 intumescat‚et
600 1069 789 1131 crescente
800 1069 956 1132 conatus
967 1061 1200 1135 vehementia

153 1168 303 1240 taudem
320 1167 516 1242 laceretur.

204 1280 253 1354 B.
281 1280 321 1353 Si
335 1304 435 1370 acus,
450 1293 622 1379 magnete
633 1283 788 1372 excitus,
800 1282 915 1356 libere
927 1284 1089 1380 pendeat
1098 1285 1199 1361 intra

152 1393 344 1489 recipiens,
358 1404 531 1490 sequetur
548 1407 673 1468 tamen
687 1395 747 1468 ille
761 1408 902 1468 motum
916 1397 1005 1470 ferri
1018 1399 1118 1494 quod
1129 1399 1199 1473 cir·

153 1507 387 1580 cumducitur
413 1517 518 1580 extra
544 1508 736 1605 recipiens.
789 1509 883 1580 Item
915 1510 1071 1605 objecta,
1098 1513 1199 1585 intus

152 1620 283 1714 posita,
304 1621 351 1692 ab
378 1620 423 1694 iis
452 1621 515 1717 qui
543 1633 647 1694 extra
677 1632 763 1694 sunt
790 1622 1025 1713 videbuntur,
1052 1636 1091 1700 et
1117 1626 1199 1699 soni

152 1734 252 1805 intus
264 1732 353 1806 facti
370 1732 577 1806 audientur.
631 1734 765 1807 Omnia
781 1734 860 1806 haec
874 1759 979 1830 atque
993 1748 1077 1832 post
1089 1748 1200 1835 atque

153 1857 240 1918 ante
257 1847 489 1920 eructionem
503 1847 611 1935 aeris,
621 1847 695 1920 nisi
706 1846 806 1943 quod
819 1848 900 1920 soni
911 1862 996 1922 sunt
1009 1850 1199 1947 aliquanto

152 1969 237 2054 post
255 1984 365 2055 quam
380 1970 465 2032 ante
483 1959 689 2034 debiliores,

203 2073 252 2145 A.
281 2073 583 2147 Manifestissima
615 2074 696 2147 haec
731 2087 818 2148 suut
852 2077 959 2173 signa
989 2077 1200 2173 recipientis

154 2209 298 2282 semper
322 2187 434 2283 pleni,
453 2211 522 2260 nec
540 2211 647 2284 posse
663 2187 750 2260 inde
768 2189 879 2286 exugi
903 2212 1036 2262 aerem.
1089 2190 1202 2265 Quod

153 2310 277 2373 autem
305 2300 386 2373 soni
409 2299 496 2375 inde
519 2301 729 2375 sentiantur
749 2301 956 2391 debiliores,
975 2303 1121 2399 signum
1144 2316 1200 2377 est

153 2413 520 2486 consistentiaeaeris.
548 2414 800 2488 consistentia
816 2417 1046 2489 autemaeris
1059 2441 1081 2488 a
1094 2428 1199 2490 motu

153 2527 232 2620 ejus
250 2538 306 2599 est
323 2550 391 2621 per
408 2526 522 2600 lineas
540 2525 805 2600 diametraliter
818 2528 1017 2624 oppositas.

204 2636 254 2712 B.
280 2638 403 2710 Etiam
416 2637 489 2711 duo
506 2638 667 2735 pendula
678 2639 833 2734 aequalia
849 2651 888 2713 et
901 2640 1045 2730 similia,
1063 2641 1102 2714 in
1119 2641 1202 2715 alti·

152 2750 282 2823 tudine
295 2750 438 2847 aequali,
457 2751 487 2823 si
505 2751 662 2825 alterum
679 2752 717 2823 in
736 2774 820 2824 aere
838 2752 966 2841 libero,
986 2752 1144 2826 alterum
1160 2753 1201 2829 in

151 2876 307 2936 vacuato
325 2865 524 2959 recipiente
538 2888 754 2961 suspensum
772 2865 832 2955 sit,
844 2866 1024 2962 simulque
1042 2877 1203 2941 retracta

154 2977 229 3050 sint
246 3003 268 3050 a
285 2978 357 3051 situ
375 2979 696 3073 perpendiculari;
723 3003 850 3052 eorum
877 2979 1011 3054 itiones
1037 2992 1075 3054 et
1105 2981 1203 3054 redi-

154 3090 274 3162 tiones
292 3090 400 3162 simul
414 3091 675 3174 absolventur;
703 3091 912 3165 differentia
929 3093 1060 3166 saltem
1083 3095 1202 3167 maui-

153 3202 248 3276 sesta
261 3227 337 3276 non
355 3215 520 3300 apparet.

204 3314 250 3388 A.
278 3314 410 3388 Credo.
444 3316 639 3413 Recipiens
652 3316 751 3389 enim
768 3340 843 3389 nou
861 3328 952 3405 erat,
970 3328 1014 3390 ut
1030 3318 1202 3413 putastis,

154 3428 272 3523 magis
285 3452 444 3501 vacuum
457 3440 542 3524 post
560 3453 670 3525 quam
688 3440 775 3503 aute
793 3430 1009 3505 suctionem.

205 3541 255 3614 B.
284 3541 322 3613 Si
342 3541 415 3613 duo
433 3565 589 3637 corpora
607 3541 712 3628 dura,
736 3551 838 3637 puta,
866 3566 1052 3616 marmora
1080 3541 1201 3638 plana,

154 3654 248 3726 bene
265 3654 447 3750 laevigata,
467 3678 505 3727 se
523 3666 652 3726 mutuo
668 3654 870 3729 secundum
888 3657 1099 3753 superficies
1117 3679 1202 3730 suas

155 3766 282 3862 planas
312 3769 515 3861 tetigerint,
534 3768 607 3857 illa,
626 3779 669 3840 ut
692 3769 775 3856 scis,
804 3769 858 3842 ita
884 3770 1137 3858 cohaerebunt,
1162 3779 1204 3842 ut

155 3879 193 3951 in
219 3904 302 3953 aere
321 3904 497 3976 suspensa
524 3904 684 3953 marmor
701 3881 853 3954 inferius
870 3906 894 3954 a
910 3882 1097 3978 superiore
1124 3882 1202 3956 siue

155 4016 290 4089 magno
318 3993 492 4089 pondere,
519 4005 583 4067 aut
608 3994 679 4067 alia
707 4017 841 4089 magna
860 3995 909 4083 vi,
936 3995 1097 4091 separari
1125 4018 1203 4069 non

154 4107 282 4200 possit.
352 4108 509 4180 Ponderi
545 4108 614 4181 hoc
649 4108 857 4181 attribuunt
890 4119 1058 4181 nostrum
1088 4109 1202 4206 aliqui

155 4219 337 4292 columnae
364 4219 666 4316 atmosphaericae,
691 4222 796 4316 cujus
814 4222 921 4294 nixus
938 4245 1006 4317 per
1022 4222 1202 4295 resultum

156 4332 376 4405 terminetur
393 4332 430 4404 in
449 4334 640 4428 superficie
653 4332 826 4407 inferiore
841 4335 1023 4409 inferioris
1037 4358 1199 4410 marmo-
