<?xml version="1.0" encoding="UTF-8"?>
<!DOCTYPE html PUBLIC "-//W3C//DTD XHTML 1.0 Transitional//EN"
    "http://www.w3.org/TR/xhtml1/DTD/xhtml1-transitional.dtd">
<html xmlns="http://www.w3.org/1999/xhtml" xml:lang="en" lang="en">
 <head>
  <title>
</title>
<meta http-equiv="Content-Type" content="text/html;charset=utf-8" />
  <meta name='ocr-system' content='tesseract 3.04.00' />
  <meta name='ocr-capabilities' content='ocr_page ocr_carea ocr_par ocr_line ocrx_word'/>
</head>
<body>
  <div class='ocr_page' id='page_1' title='image "./thomhobbesmalme01hobbgoog_0286.png"; bbox 0 0 2946 5010; ppageno 0'>
   <div class='ocr_carea' id='block_1_1' title="bbox 434 393 1170 473">
    <p class='ocr_par' dir='ltr' id='par_1_1' title="bbox 434 393 1170 473">
     <span class='ocr_line' id='line_1_1' title="bbox 434 393 1170 473; baseline 0.007 -15"><span class='ocrx_word' id='word_1_1' title='bbox 434 407 488 458; x_wconf 87' lang='lat' dir='ltr'><strong>un</strong></span> <span class='ocrx_word' id='word_1_2' title='bbox 507 408 676 461; x_wconf 70' lang='lat' dir='ltr'><strong>urruns</strong></span> <span class='ocrx_word' id='word_1_3' title='bbox 695 408 830 461; x_wconf 75' lang='lat' dir='ltr'><strong>naurs,</strong></span> <span class='ocrx_word' id='word_1_4' title='bbox 1099 393 1170 473; x_wconf 83' lang='lat'><strong>275</strong></span> 
     </span>
    </p>
   </div>
   <div class='ocr_carea' id='block_1_2' title="bbox 116 573 1171 3729">
    <p class='ocr_par' dir='ltr' id='par_1_2' title="bbox 130 573 1171 1351">
     <span class='ocr_line' id='line_1_2' title="bbox 133 573 1168 674; baseline 0.009 -30"><span class='ocrx_word' id='word_1_5' title='bbox 133 580 259 644; x_wconf 85' lang='lat' dir='ltr'><strong>ternus</strong></span> <span class='ocrx_word' id='word_1_6' title='bbox 289 573 390 669; x_wconf 88' lang='lat' dir='ltr'><strong>(quia</strong></span> <span class='ocrx_word' id='word_1_7' title='bbox 412 575 622 650; x_wconf 86' lang='lat' dir='ltr'><strong>universum</strong></span> <span class='ocrx_word' id='word_1_8' title='bbox 652 578 872 673; x_wconf 83' lang='lat' dir='ltr'>supponitur</span> <span class='ocrx_word' id='word_1_9' title='bbox 901 600 979 651; x_wconf 90' lang='lat' dir='ltr'><strong>esse</strong></span> <span class='ocrx_word' id='word_1_10' title='bbox 1004 579 1168 674; x_wconf 90' lang='lat' dir='ltr'><strong>plenum)</strong></span> 
     </span>
     <span class='ocr_line' id='line_1_3' title="bbox 132 686 1171 785; baseline 0.011 -31"><span class='ocrx_word' id='word_1_11' title='bbox 132 695 313 779; x_wconf 88' lang='lat' dir='ltr'><strong>penetrat,</strong></span> <span class='ocrx_word' id='word_1_12' title='bbox 343 686 537 785; x_wconf 90' lang='lat' dir='ltr'><strong>locumque</strong></span> <span class='ocrx_word' id='word_1_13' title='bbox 569 688 793 785; x_wconf 87' lang='lat' dir='ltr'><strong>egredientis</strong></span> <span class='ocrx_word' id='word_1_14' title='bbox 822 690 940 763; x_wconf 72' lang='lat' dir='ltr'><strong>aeris*</strong></span> <span class='ocrx_word' id='word_1_15' title='bbox 968 693 1171 766; x_wconf 82' lang='lat' dir='ltr'><strong>successive</strong></span> 
     </span>
     <span class='ocr_line' id='line_1_4' title="bbox 133 798 1171 898; baseline 0.011 -30"><span class='ocrx_word' id='word_1_16' title='bbox 133 810 301 894; x_wconf 90' lang='lat' dir='ltr'><strong>occupat,</strong></span> <span class='ocrx_word' id='word_1_17' title='bbox 320 798 437 874; x_wconf 92' lang='lat' dir='ltr'><strong>donec</strong></span> <span class='ocrx_word' id='word_1_18' title='bbox 461 801 688 898; x_wconf 90' lang='lat' dir='ltr'><strong>corpuscula,</strong></span> <span class='ocrx_word' id='word_1_19' title='bbox 707 802 913 897; x_wconf 88' lang='lat' dir='ltr'><strong>quantitate</strong></span> <span class='ocrx_word' id='word_1_20' title='bbox 933 805 1026 878; x_wconf 89' lang='lat' dir='ltr'><strong>aeris</strong></span> <span class='ocrx_word' id='word_1_21' title='bbox 1042 804 1171 880; x_wconf 86' lang='lat' dir='ltr'><strong>eadem</strong></span> 
     </span>
     <span class='ocr_line' id='line_1_5' title="bbox 131 912 1170 1014; baseline 0.01 -31"><span class='ocrx_word' id='word_1_22' title='bbox 131 912 313 1002; x_wconf 89' lang='lat' dir='ltr'><strong>restituta,</strong></span> <span class='ocrx_word' id='word_1_23' title='bbox 332 913 539 987; x_wconf 87' lang='lat' dir='ltr'><strong>libertatem</strong></span> <span class='ocrx_word' id='word_1_24' title='bbox 552 915 669 988; x_wconf 94' lang='lat' dir='ltr'><strong>motui</strong></span> <span class='ocrx_word' id='word_1_25' title='bbox 684 938 750 988; x_wconf 91' lang='lat' dir='ltr'><strong>suo</strong></span> <span class='ocrx_word' id='word_1_26' title='bbox 763 917 968 989; x_wconf 83' lang='lat' dir='ltr'><strong>naturalem</strong></span> <span class='ocrx_word' id='word_1_27' title='bbox 979 918 1170 1014; x_wconf 89' lang='lat' dir='ltr'><strong>recipiant.</strong></span> 
     </span>
     <span class='ocr_line' id='line_1_6' title="bbox 133 1023 1171 1129; baseline 0.01 -33"><span class='ocrx_word' id='word_1_28' title='bbox 133 1023 322 1099; x_wconf 86' lang='lat' dir='ltr'><strong>Concessis</strong></span> <span class='ocrx_word' id='word_1_29' title='bbox 339 1038 462 1101; x_wconf 91' lang='lat' dir='ltr'><strong>autem</strong></span> <span class='ocrx_word' id='word_1_30' title='bbox 480 1027 576 1101; x_wconf 90' lang='lat' dir='ltr'><strong>illius</strong></span> <span class='ocrx_word' id='word_1_31' title='bbox 593 1029 868 1125; x_wconf 86' lang='lat' dir='ltr'><strong>hypothesibus,</strong></span> <span class='ocrx_word' id='word_1_32' title='bbox 886 1054 998 1103; x_wconf 87' lang='lat' dir='ltr'><strong>causa</strong></span> <span class='ocrx_word' id='word_1_33' title='bbox 1020 1033 1171 1129; x_wconf 87' lang='lat' dir='ltr'><strong>phaeno-</strong></span> 
     </span>
     <span class='ocr_line' id='line_1_7' title="bbox 131 1137 1170 1242; baseline 0.012 -34"><span class='ocrx_word' id='word_1_34' title='bbox 131 1137 230 1210; x_wconf 89' lang='lat' dir='ltr'><strong>meni</strong></span> <span class='ocrx_word' id='word_1_35' title='bbox 243 1140 437 1214; x_wconf 86' lang='lat' dir='ltr'><strong>manifesta</strong></span> <span class='ocrx_word' id='word_1_36' title='bbox 450 1153 515 1215; x_wconf 89' lang='lat' dir='ltr'><strong>est.</strong></span> <span class='ocrx_word' id='word_1_37' title='bbox 542 1141 612 1215; x_wconf 88' lang='lat' dir='ltr'><strong>Tui</strong></span> <span class='ocrx_word' id='word_1_38' title='bbox 625 1152 749 1215; x_wconf 90' lang='lat' dir='ltr'><strong>autem</strong></span> <span class='ocrx_word' id='word_1_39' title='bbox 763 1143 894 1238; x_wconf 91' lang='lat' dir='ltr'><strong>quibus</strong></span> <span class='ocrx_word' id='word_1_40' title='bbox 907 1145 1170 1242; x_wconf 87' lang='lat' dir='ltr'><strong>hypothesibus</strong></span> 
     </span>
     <span class='ocr_line' id='line_1_8' title="bbox 130 1249 762 1351; baseline 0.009 -29"><span class='ocrx_word' id='word_1_41' title='bbox 130 1249 228 1323; x_wconf 90' lang='lat' dir='ltr'><strong>idem</strong></span> <span class='ocrx_word' id='word_1_42' title='bbox 244 1252 512 1348; x_wconf 87' lang='lat' dir='ltr'><strong>phaenomenon</strong></span> <span class='ocrx_word' id='word_1_43' title='bbox 530 1254 762 1351; x_wconf 83' lang='lat' dir='ltr'><strong>explicuere?</strong></span> 
     </span>
    </p>

    <p class='ocr_par' dir='ltr' id='par_1_3' title="bbox 128 1364 1170 1689">
     <span class='ocr_line' id='line_1_9' title="bbox 180 1364 1169 1467; baseline 0.011 -32"><span class='ocrx_word' id='word_1_44' title='bbox 180 1364 230 1436; x_wconf 99' lang='grc' dir='ltr'><strong>Β.</strong></span> <span class='ocrx_word' id='word_1_45' title='bbox 256 1365 404 1440; x_wconf 88' lang='lat' dir='ltr'><strong>Nescio.</strong></span> <span class='ocrx_word' id='word_1_46' title='bbox 448 1365 522 1440; x_wconf 88' lang='lat' dir='ltr'><strong>Sed</strong></span> <span class='ocrx_word' id='word_1_47' title='bbox 539 1390 606 1440; x_wconf 92' lang='lat' dir='ltr'><strong>cur</strong></span> <span class='ocrx_word' id='word_1_48' title='bbox 621 1391 697 1440; x_wconf 92' lang='lat' dir='ltr'><strong>non</strong></span> <span class='ocrx_word' id='word_1_49' title='bbox 713 1377 837 1464; x_wconf 90' lang='lat' dir='ltr'><strong>potest</strong></span> <span class='ocrx_word' id='word_1_50' title='bbox 853 1392 950 1464; x_wconf 88' lang='lat' dir='ltr'><strong>aqua</strong></span> <span class='ocrx_word' id='word_1_51' title='bbox 967 1393 1061 1467; x_wconf 85' lang='lat' dir='ltr'><strong>quae,</strong></span> <span class='ocrx_word' id='word_1_52' title='bbox 1084 1395 1169 1446; x_wconf 91' lang='lat' dir='ltr'><strong>cum</strong></span> 
     </span>
     <span class='ocr_line' id='line_1_10' title="bbox 130 1476 1170 1576; baseline 0.011 -28"><span class='ocrx_word' id='word_1_53' title='bbox 130 1476 352 1574; x_wconf 89' lang='lat' dir='ltr'><strong>injiceretur,</strong></span> <span class='ocrx_word' id='word_1_54' title='bbox 366 1479 565 1574; x_wconf 87' lang='lat' dir='ltr'><strong>particulas</strong></span> <span class='ocrx_word' id='word_1_55' title='bbox 578 1480 673 1553; x_wconf 87' lang='lat' dir='ltr'><strong>aeris</strong></span> <span class='ocrx_word' id='word_1_56' title='bbox 687 1480 964 1576; x_wconf 90' lang='lat' dir='ltr'><strong>comprimebat,</strong></span> <span class='ocrx_word' id='word_1_57' title='bbox 980 1484 1027 1557; x_wconf 91' lang='lat' dir='ltr'><strong>ab</strong></span> <span class='ocrx_word' id='word_1_58' title='bbox 1040 1483 1170 1559; x_wconf 92' lang='lat' dir='ltr'><strong>iisdem</strong></span> 
     </span>
     <span class='ocr_line' id='line_1_11' title="bbox 128 1590 950 1689; baseline 0.002 -25"><span class='ocrx_word' id='word_1_59' title='bbox 128 1590 317 1687; x_wconf 82' lang='lat' dir='ltr'><strong>particulis</strong></span> <span class='ocrx_word' id='word_1_60' title='bbox 334 1615 372 1665; x_wconf 91' lang='lat' dir='ltr'><strong>se</strong></span> <span class='ocrx_word' id='word_1_61' title='bbox 389 1592 657 1688; x_wconf 84' lang='lat' dir='ltr'><strong>explicantibus</strong></span> <span class='ocrx_word' id='word_1_62' title='bbox 674 1617 799 1666; x_wconf 91' lang='lat' dir='ltr'><strong>rursus</strong></span> <span class='ocrx_word' id='word_1_63' title='bbox 816 1594 919 1689; x_wconf 89' lang='lat' dir='ltr'><strong>rejici</strong></span> <span class='ocrx_word' id='word_1_64' title='bbox 937 1594 950 1666; x_wconf 77' lang='lat' dir='ltr'><strong>l</strong></span> 
     </span>
    </p>

    <p class='ocr_par' dir='ltr' id='par_1_4' title="bbox 125 1701 1169 2480">
     <span class='ocr_line' id='line_1_12' title="bbox 178 1701 1168 1806; baseline 0.01 -33"><span class='ocrx_word' id='word_1_65' title='bbox 178 1701 224 1778; x_wconf 81' lang='lat' dir='ltr'><strong>A.</strong></span> <span class='ocrx_word' id='word_1_66' title='bbox 252 1704 349 1778; x_wconf 77' lang='lat' dir='ltr'><strong>Quia</strong></span> <span class='ocrx_word' id='word_1_67' title='bbox 375 1704 497 1779; x_wconf 87' lang='lat' dir='ltr'><strong>locum</strong></span> <span class='ocrx_word' id='word_1_68' title='bbox 524 1706 716 1802; x_wconf 84' lang='lat' dir='ltr'><strong>explicatae</strong></span> <span class='ocrx_word' id='word_1_69' title='bbox 744 1709 921 1803; x_wconf 87' lang='lat' dir='ltr'><strong>majorem</strong></span> <span class='ocrx_word' id='word_1_70' title='bbox 946 1731 1021 1782; x_wconf 92' lang='lat' dir='ltr'><strong>non</strong></span> <span class='ocrx_word' id='word_1_71' title='bbox 1044 1709 1168 1806; x_wconf 92' lang='lat' dir='ltr'><strong>requi·</strong></span> 
     </span>
     <span class='ocr_line' id='line_1_13' title="bbox 128 1818 1169 1916; baseline 0.007 -28"><span class='ocrx_word' id='word_1_72' title='bbox 128 1826 227 1907; x_wconf 85' lang='lat' dir='ltr'><strong>runt,</strong></span> <span class='ocrx_word' id='word_1_73' title='bbox 252 1841 361 1913; x_wconf 88' lang='lat' dir='ltr'><strong>quam</strong></span> <span class='ocrx_word' id='word_1_74' title='bbox 386 1842 615 1916; x_wconf 84' lang='lat' dir='ltr'><strong>compressae.</strong></span> <span class='ocrx_word' id='word_1_75' title='bbox 669 1818 988 1893; x_wconf 76' lang='lat' dir='ltr'><strong>Quemadmodum</strong></span> <span class='ocrx_word' id='word_1_76' title='bbox 1016 1821 1055 1893; x_wconf 94' lang='lat' dir='ltr'><strong>in</strong></span> <span class='ocrx_word' id='word_1_77' title='bbox 1083 1846 1169 1895; x_wconf 89' lang='lat' dir='ltr'><strong>vase</strong></span> 
     </span>
     <span class='ocr_line' id='line_1_14' title="bbox 127 1931 1167 2029; baseline 0.005 -26"><span class='ocrx_word' id='word_1_78' title='bbox 127 1933 223 2026; x_wconf 87' lang='lat' dir='ltr'><strong>aqua</strong></span> <span class='ocrx_word' id='word_1_79' title='bbox 249 1931 370 2026; x_wconf 90' lang='lat' dir='ltr'><strong>pleno,</strong></span> <span class='ocrx_word' id='word_1_80' title='bbox 400 1932 438 2005; x_wconf 93' lang='lat' dir='ltr'><strong>in</strong></span> <span class='ocrx_word' id='word_1_81' title='bbox 466 1957 539 2029; x_wconf 92' lang='lat' dir='ltr'><strong>qua</strong></span> <span class='ocrx_word' id='word_1_82' title='bbox 564 1944 660 2006; x_wconf 87' lang='lat' dir='ltr'><strong>esset</strong></span> <span class='ocrx_word' id='word_1_83' title='bbox 684 1931 881 2005; x_wconf 89' lang='lat' dir='ltr'><strong>multitudo</strong></span> <span class='ocrx_word' id='word_1_84' title='bbox 910 1933 1167 2028; x_wconf 81' lang='lat' dir='ltr'><strong>anguillarum,</strong></span> 
     </span>
     <span class='ocr_line' id='line_1_15' title="bbox 127 2044 1166 2141; baseline 0.004 -25"><span class='ocrx_word' id='word_1_85' title='bbox 127 2044 306 2140; x_wconf 85' lang='lat' dir='ltr'><strong>anguillas</strong></span> <span class='ocrx_word' id='word_1_86' title='bbox 333 2044 408 2118; x_wconf 90' lang='lat' dir='ltr'><strong>sive</strong></span> <span class='ocrx_word' id='word_1_87' title='bbox 431 2046 469 2118; x_wconf 94' lang='lat' dir='ltr'><strong>in</strong></span> <span class='ocrx_word' id='word_1_88' title='bbox 496 2068 535 2119; x_wconf 91' lang='lat' dir='ltr'><strong>se</strong></span> <span class='ocrx_word' id='word_1_89' title='bbox 564 2045 707 2118; x_wconf 88' lang='lat' dir='ltr'><strong>volutas</strong></span> <span class='ocrx_word' id='word_1_90' title='bbox 733 2044 808 2117; x_wconf 87' lang='lat' dir='ltr'><strong>sive</strong></span> <span class='ocrx_word' id='word_1_91' title='bbox 835 2044 1035 2141; x_wconf 84' lang='lat' dir='ltr'><strong>explicatas</strong></span> <span class='ocrx_word' id='word_1_92' title='bbox 1065 2046 1166 2120; x_wconf 92' lang='lat' dir='ltr'><strong>idem</strong></span> 
     </span>
     <span class='ocr_line' id='line_1_16' title="bbox 127 2157 1167 2256; baseline 0.005 -28"><span class='ocrx_word' id='word_1_93' title='bbox 127 2180 269 2253; x_wconf 88' lang='lat' dir='ltr'><strong>semper</strong></span> <span class='ocrx_word' id='word_1_94' title='bbox 287 2157 385 2253; x_wconf 91' lang='lat' dir='ltr'><strong>capit</strong></span> <span class='ocrx_word' id='word_1_95' title='bbox 407 2158 520 2232; x_wconf 89' lang='lat' dir='ltr'><strong>locus.</strong></span> <span class='ocrx_word' id='word_1_96' title='bbox 584 2158 791 2255; x_wconf 90' lang='lat' dir='ltr'><strong>Propellere</strong></span> <span class='ocrx_word' id='word_1_97' title='bbox 821 2181 909 2253; x_wconf 87' lang='lat' dir='ltr'><strong>ergo</strong></span> <span class='ocrx_word' id='word_1_98' title='bbox 937 2182 1071 2254; x_wconf 88' lang='lat' dir='ltr'><strong>aquam</strong></span> <span class='ocrx_word' id='word_1_99' title='bbox 1100 2184 1167 2256; x_wconf 93' lang='lat' dir='ltr'><strong>per</strong></span> 
     </span>
     <span class='ocr_line' id='line_1_17' title="bbox 127 2270 1167 2368; baseline 0.003 -25"><span class='ocrx_word' id='word_1_100' title='bbox 127 2270 201 2343; x_wconf 87' lang='lat' dir='ltr'><strong>vim</strong></span> <span class='ocrx_word' id='word_1_101' title='bbox 218 2270 416 2361; x_wconf 82' lang='lat' dir='ltr'><strong>clasticam,</strong></span> <span class='ocrx_word' id='word_1_102' title='bbox 434 2296 516 2368; x_wconf 92' lang='lat' dir='ltr'><strong>quae</strong></span> <span class='ocrx_word' id='word_1_103' title='bbox 533 2271 604 2344; x_wconf 89' lang='lat' dir='ltr'><strong>alia</strong></span> <span class='ocrx_word' id='word_1_104' title='bbox 620 2294 695 2344; x_wconf 95' lang='lat' dir='ltr'><strong>non</strong></span> <span class='ocrx_word' id='word_1_105' title='bbox 718 2281 773 2344; x_wconf 88' lang='lat' dir='ltr'><strong>est</strong></span> <span class='ocrx_word' id='word_1_106' title='bbox 796 2294 907 2367; x_wconf 91' lang='lat' dir='ltr'><strong>quam</strong></span> <span class='ocrx_word' id='word_1_107' title='bbox 930 2283 1053 2346; x_wconf 89' lang='lat' dir='ltr'><strong>motus</strong></span> <span class='ocrx_word' id='word_1_108' title='bbox 1085 2296 1167 2346; x_wconf 89' lang='lat' dir='ltr'><strong>cor·</strong></span> 
     </span>
     <span class='ocr_line' id='line_1_18' title="bbox 125 2383 879 2480; baseline 0 -25"><span class='ocrx_word' id='word_1_109' title='bbox 125 2406 256 2479; x_wconf 92' lang='lat' dir='ltr'><strong>porum</strong></span> <span class='ocrx_word' id='word_1_110' title='bbox 274 2407 313 2456; x_wconf 88' lang='lat' dir='ltr'><strong>se</strong></span> <span class='ocrx_word' id='word_1_111' title='bbox 332 2383 604 2480; x_wconf 87' lang='lat' dir='ltr'><strong>explicantium,</strong></span> <span class='ocrx_word' id='word_1_112' title='bbox 621 2406 697 2457; x_wconf 93' lang='lat' dir='ltr'><strong>non</strong></span> <span class='ocrx_word' id='word_1_113' title='bbox 713 2394 879 2479; x_wconf 86' lang='lat' dir='ltr'><strong>possunt.</strong></span> 
     </span>
    </p>

    <p class='ocr_par' dir='ltr' id='par_1_5' title="bbox 116 2496 1166 3729">
     <span class='ocr_line' id='line_1_19' title="bbox 175 2496 1165 2594; baseline 0.002 -26"><span class='ocrx_word' id='word_1_114' title='bbox 175 2496 224 2569; x_wconf 92' lang='grc' dir='ltr'><strong>Β.</strong></span> <span class='ocrx_word' id='word_1_115' title='bbox 252 2496 488 2594; x_wconf 89' lang='lat' dir='ltr'><strong>Comparatio</strong></span> <span class='ocrx_word' id='word_1_116' title='bbox 526 2496 589 2569; x_wconf 89' lang='lat' dir='ltr'><strong>illa</strong></span> <span class='ocrx_word' id='word_1_117' title='bbox 622 2496 717 2569; x_wconf 89' lang='lat' dir='ltr'><strong>aeris</strong></span> <span class='ocrx_word' id='word_1_118' title='bbox 751 2519 834 2568; x_wconf 87' lang='lat' dir='ltr'><strong>cum</strong></span> <span class='ocrx_word' id='word_1_119' title='bbox 869 2519 966 2592; x_wconf 90' lang='lat' dir='ltr'><strong>aqua</strong></span> <span class='ocrx_word' id='word_1_120' title='bbox 994 2496 1165 2593; x_wconf 83' lang='lat' dir='ltr'><strong>anguillis</strong></span> 
     </span>
     <span class='ocr_line' id='line_1_20' title="bbox 125 2606 1165 2705; baseline 0.002 -24"><span class='ocrx_word' id='word_1_121' title='bbox 125 2608 246 2704; x_wconf 91' lang='lat' dir='ltr'><strong>plena,</strong></span> <span class='ocrx_word' id='word_1_122' title='bbox 263 2610 411 2699; x_wconf 90' lang='lat' dir='ltr'><strong>nostris,</strong></span> <span class='ocrx_word' id='word_1_123' title='bbox 429 2607 552 2697; x_wconf 90' lang='lat' dir='ltr'><strong>credo,</strong></span> <span class='ocrx_word' id='word_1_124' title='bbox 568 2632 644 2682; x_wconf 92' lang='lat' dir='ltr'><strong>non</strong></span> <span class='ocrx_word' id='word_1_125' title='bbox 662 2606 880 2705; x_wconf 85' lang='lat' dir='ltr'><strong>displicebit.</strong></span> <span class='ocrx_word' id='word_1_126' title='bbox 923 2608 1049 2705; x_wconf 84' lang='lat' dir='ltr'><strong>Aliqui</strong></span> <span class='ocrx_word' id='word_1_127' title='bbox 1066 2608 1165 2683; x_wconf 90' lang='lat' dir='ltr'><strong>enim</strong></span> 
     </span>
     <span class='ocr_line' id='line_1_21' title="bbox 125 2720 1166 2797; baseline 0.001 -1"><span class='ocrx_word' id='word_1_128' title='bbox 125 2745 201 2796; x_wconf 92' lang='lat' dir='ltr'><strong>non</strong></span> <span class='ocrx_word' id='word_1_129' title='bbox 235 2720 395 2794; x_wconf 88' lang='lat' dir='ltr'><strong>minimae</strong></span> <span class='ocrx_word' id='word_1_130' title='bbox 428 2723 526 2797; x_wconf 88' lang='lat' dir='ltr'><strong>inter</strong></span> <span class='ocrx_word' id='word_1_131' title='bbox 558 2745 625 2796; x_wconf 91' lang='lat' dir='ltr'><strong>nos</strong></span> <span class='ocrx_word' id='word_1_132' title='bbox 659 2722 895 2796; x_wconf 87' lang='lat' dir='ltr'><strong>authoritatis</strong></span> <span class='ocrx_word' id='word_1_133' title='bbox 928 2722 967 2795; x_wconf 95' lang='lat' dir='ltr'><strong>in</strong></span> <span class='ocrx_word' id='word_1_134' title='bbox 1001 2745 1046 2794; x_wconf 90' lang='lat' dir='ltr'><strong>ea</strong></span> <span class='ocrx_word' id='word_1_135' title='bbox 1079 2733 1166 2797; x_wconf 91' lang='lat' dir='ltr'><strong>sunt</strong></span> 
     </span>
     <span class='ocr_line' id='line_1_22' title="bbox 125 2834 1165 2932; baseline 0 -23"><span class='ocrx_word' id='word_1_136' title='bbox 125 2834 309 2932; x_wconf 90' lang='lat' dir='ltr'><strong>opinione,</strong></span> <span class='ocrx_word' id='word_1_137' title='bbox 327 2847 369 2909; x_wconf 91' lang='lat' dir='ltr'><strong>ut</strong></span> <span class='ocrx_word' id='word_1_138' title='bbox 386 2835 418 2907; x_wconf 93' lang='lat' dir='ltr'><strong>si</strong></span> <span class='ocrx_word' id='word_1_139' title='bbox 439 2858 677 2931; x_wconf 89' lang='lat' dir='ltr'><strong>pervacuum</strong></span> <span class='ocrx_word' id='word_1_140' title='bbox 701 2834 929 2930; x_wconf 88' lang='lat' dir='ltr'><strong>intelligatur</strong></span> <span class='ocrx_word' id='word_1_141' title='bbox 944 2834 1048 2909; x_wconf 90' lang='lat' dir='ltr'><strong>locus</strong></span> <span class='ocrx_word' id='word_1_142' title='bbox 1065 2835 1165 2909; x_wconf 90' lang='lat' dir='ltr'><strong>omni</strong></span> 
     </span>
     <span class='ocr_line' id='line_1_23' title="bbox 125 2947 1164 3044; baseline -0.003 -21"><span class='ocrx_word' id='word_1_143' title='bbox 125 2949 329 3023; x_wconf 88' lang='lat' dir='ltr'><strong>substantia</strong></span> <span class='ocrx_word' id='word_1_144' title='bbox 352 2971 530 3044; x_wconf 88' lang='lat' dir='ltr'><strong>corporea</strong></span> <span class='ocrx_word' id='word_1_145' title='bbox 547 2971 694 3037; x_wconf 87' lang='lat' dir='ltr'><strong>vacuus,</strong></span> <span class='ocrx_word' id='word_1_146' title='bbox 710 2970 785 3021; x_wconf 93' lang='lat' dir='ltr'><strong>non</strong></span> <span class='ocrx_word' id='word_1_147' title='bbox 803 2958 900 3021; x_wconf 91' lang='lat' dir='ltr'><strong>esset</strong></span> <span class='ocrx_word' id='word_1_148' title='bbox 911 2947 1018 3020; x_wconf 85' lang='lat' dir='ltr'><strong>valde</strong></span> <span class='ocrx_word' id='word_1_149' title='bbox 1030 2971 1164 3044; x_wconf 92' lang='lat' dir='ltr'><strong>repug-</strong></span> 
     </span>
     <span class='ocr_line' id='line_1_24' title="bbox 123 3059 1164 3158; baseline -0.004 -22"><span class='ocrx_word' id='word_1_150' title='bbox 123 3062 297 3137; x_wconf 89' lang='lat' dir='ltr'><strong>nandum.</strong></span> <span class='ocrx_word' id='word_1_151' title='bbox 375 3062 630 3158; x_wconf 88' lang='lat' dir='ltr'><strong>Supponentes</strong></span> <span class='ocrx_word' id='word_1_152' title='bbox 663 3060 761 3133; x_wconf 90' lang='lat' dir='ltr'><strong>enim</strong></span> <span class='ocrx_word' id='word_1_153' title='bbox 803 3059 1045 3132; x_wconf 89' lang='lat' dir='ltr'><strong>constitutum</strong></span> <span class='ocrx_word' id='word_1_154' title='bbox 1086 3083 1164 3132; x_wconf 89' lang='lat' dir='ltr'><strong>esse</strong></span> 
     </span>
     <span class='ocr_line' id='line_1_25' title="bbox 123 3170 1164 3272; baseline -0.005 -23"><span class='ocrx_word' id='word_1_155' title='bbox 123 3200 245 3250; x_wconf 91' lang='lat' dir='ltr'><strong>aerem</strong></span> <span class='ocrx_word' id='word_1_156' title='bbox 266 3199 311 3248; x_wconf 83' lang='lat' dir='ltr'><strong>ex</strong></span> <span class='ocrx_word' id='word_1_157' title='bbox 329 3174 553 3272; x_wconf 88' lang='lat' dir='ltr'><strong>corpusculis</strong></span> <span class='ocrx_word' id='word_1_158' title='bbox 571 3197 653 3270; x_wconf 85' lang='lat' dir='ltr'><strong>quae</strong></span> <span class='ocrx_word' id='word_1_159' title='bbox 670 3173 748 3245; x_wconf 87' lang='lat' dir='ltr'><strong>sine</strong></span> <span class='ocrx_word' id='word_1_160' title='bbox 765 3170 969 3245; x_wconf 88' lang='lat' dir='ltr'><strong>interstitiis</strong></span> <span class='ocrx_word' id='word_1_161' title='bbox 994 3173 1164 3269; x_wconf 90' lang='lat' dir='ltr'><strong>componi</strong></span> 
     </span>
     <span class='ocr_line' id='line_1_26' title="bbox 123 3283 1165 3385; baseline -0.006 -23"><span class='ocrx_word' id='word_1_162' title='bbox 123 3313 200 3363; x_wconf 94' lang='lat' dir='ltr'><strong>non</strong></span> <span class='ocrx_word' id='word_1_163' title='bbox 216 3299 381 3385; x_wconf 90' lang='lat' dir='ltr'><strong>possunt,</strong></span> <span class='ocrx_word' id='word_1_164' title='bbox 393 3287 640 3361; x_wconf 88' lang='lat' dir='ltr'><strong>necessarium</strong></span> <span class='ocrx_word' id='word_1_165' title='bbox 656 3308 734 3359; x_wconf 87' lang='lat' dir='ltr'><strong>esse</strong></span> <span class='ocrx_word' id='word_1_166' title='bbox 747 3283 873 3358; x_wconf 86' lang='lat' dir='ltr'><strong>vident</strong></span> <span class='ocrx_word' id='word_1_167' title='bbox 886 3284 1085 3356; x_wconf 87' lang='lat' dir='ltr'><strong>interstitia</strong></span> <span class='ocrx_word' id='word_1_168' title='bbox 1101 3284 1165 3356; x_wconf 94' lang='lat' dir='ltr'><strong>illa</strong></span> 
     </span>
     <span class='ocr_line' id='line_1_27' title="bbox 124 3395 1165 3499; baseline -0.008 -23"><span class='ocrx_word' id='word_1_169' title='bbox 124 3426 310 3499; x_wconf 88' lang='lat' dir='ltr'><strong>corporeae</strong></span> <span class='ocrx_word' id='word_1_170' title='bbox 327 3400 553 3489; x_wconf 77' lang='lat' dir='ltr'><strong>substantia,</strong></span> <span class='ocrx_word' id='word_1_171' title='bbox 568 3398 624 3472; x_wconf 87' lang='lat' dir='ltr'><strong>vel</strong></span> <span class='ocrx_word' id='word_1_172' title='bbox 637 3400 693 3493; x_wconf 87' lang='lat' dir='ltr'><strong>(ut</strong></span> <span class='ocrx_word' id='word_1_173' title='bbox 706 3397 867 3495; x_wconf 90' lang='lat' dir='ltr'><strong>apertius</strong></span> <span class='ocrx_word' id='word_1_174' title='bbox 884 3395 1019 3489; x_wconf 89' lang='lat' dir='ltr'><strong>dicam)</strong></span> <span class='ocrx_word' id='word_1_175' title='bbox 1035 3419 1165 3491; x_wconf 90' lang='lat' dir='ltr'><strong>corpo·</strong></span> 
     </span>
     <span class='ocr_line' id='line_1_28' title="bbox 123 3508 1162 3613; baseline -0.007 -23"><span class='ocrx_word' id='word_1_176' title='bbox 123 3516 185 3608; x_wconf 88' lang='lat' dir='ltr'><strong>ris,</strong></span> <span class='ocrx_word' id='word_1_177' title='bbox 204 3515 353 3613; x_wconf 88' lang='lat' dir='ltr'><strong>capacia</strong></span> <span class='ocrx_word' id='word_1_178' title='bbox 369 3537 461 3587; x_wconf 87' lang='lat' dir='ltr'><strong>esse.</strong></span> <span class='ocrx_word' id='word_1_179' title='bbox 513 3511 586 3586; x_wconf 89' lang='lat' dir='ltr'><strong>Sed</strong></span> <span class='ocrx_word' id='word_1_180' title='bbox 604 3510 702 3608; x_wconf 95' lang='lat' dir='ltr'><strong>quod</strong></span> <span class='ocrx_word' id='word_1_181' title='bbox 716 3509 768 3582; x_wconf 92' lang='lat' dir='ltr'><strong>sic</strong></span> <span class='ocrx_word' id='word_1_182' title='bbox 781 3532 937 3582; x_wconf 88' lang='lat' dir='ltr'><strong>vacuum</strong></span> <span class='ocrx_word' id='word_1_183' title='bbox 951 3508 1162 3605; x_wconf 88' lang='lat' dir='ltr'><strong>intelligunt</strong></span> 
     </span>
     <span class='ocr_line' id='line_1_29' title="bbox 116 3619 1026 3729; baseline -0.01 -26"><span class='ocrx_word' id='word_1_184' title='bbox 116 3629 303 3729; x_wconf 65' lang='lat' dir='ltr'><strong>puniam,</strong></span> <span class='ocrx_word' id='word_1_185' title='bbox 327 3626 533 3725; x_wconf 86' lang='lat' dir='ltr'><strong>praesertim</strong></span> <span class='ocrx_word' id='word_1_186' title='bbox 549 3623 692 3720; x_wconf 88' lang='lat' dir='ltr'><strong>nuperi,</strong></span> <span class='ocrx_word' id='word_1_187' title='bbox 709 3622 749 3696; x_wconf 92' lang='lat' dir='ltr'><strong>id</strong></span> <span class='ocrx_word' id='word_1_188' title='bbox 766 3646 842 3696; x_wconf 93' lang='lat' dir='ltr'><strong>non</strong></span> <span class='ocrx_word' id='word_1_189' title='bbox 860 3619 1026 3695; x_wconf 90' lang='lat' dir='ltr'><strong>credunt.</strong></span> 
     </span>
    </p>
   </div>
   <div class='ocr_carea' id='block_1_3' title="bbox 174 3735 1158 3949">
    <p class='ocr_par' dir='ltr' id='par_1_6' title="bbox 174 3735 1158 3949">
     <span class='ocr_line' id='line_1_30' title="bbox 174 3735 616 3817; baseline -0.014 -3"><span class='ocrx_word' id='word_1_190' title='bbox 174 3742 223 3817; x_wconf 85' lang='grc' dir='ltr'><strong>Α.</strong></span> <span class='ocrx_word' id='word_1_191' title='bbox 250 3742 325 3815; x_wconf 89' lang='lat' dir='ltr'><strong>Cur</strong></span> <span class='ocrx_word' id='word_1_192' title='bbox 341 3763 415 3814; x_wconf 94' lang='lat' dir='ltr'><strong>non</strong></span> <span class='ocrx_word' id='word_1_193' title='bbox 434 3735 616 3812; x_wconf 83' lang='lat' dir='ltr'><strong>credunt?</strong></span> 
     </span>
     <span class='ocr_line' id='line_1_31' title="bbox 175 3848 1158 3949; baseline -0.007 -24"><span class='ocrx_word' id='word_1_194' title='bbox 175 3853 223 3927; x_wconf 93' lang='lat' dir='ltr'><strong>B.</strong></span> <span class='ocrx_word' id='word_1_195' title='bbox 252 3853 350 3928; x_wconf 80' lang='lat' dir='ltr'><strong>Quia</strong></span> <span class='ocrx_word' id='word_1_196' title='bbox 374 3850 542 3949; x_wconf 89' lang='lat' dir='ltr'><strong>plenistae</strong></span> <span class='ocrx_word' id='word_1_197' title='bbox 576 3848 805 3943; x_wconf 90' lang='lat' dir='ltr'><strong>disputantes</strong></span> <span class='ocrx_word' id='word_1_198' title='bbox 834 3856 965 3919; x_wconf 88' lang='lat' dir='ltr'><strong>contra</strong></span> <span class='ocrx_word' id='word_1_199' title='bbox 990 3868 1158 3936; x_wconf 89' lang='lat' dir='ltr'><strong>vacuum,</strong></span> 
     </span>
    </p>
   </div>
   <div class='ocr_carea' id='block_1_4' title="bbox 122 3957 1159 4177">
    <p class='ocr_par' dir='ltr' id='par_1_7' title="bbox 122 3957 1159 4177">
     <span class='ocr_line' id='line_1_32' title="bbox 122 3957 1159 4064; baseline -0.011 -23"><span class='ocrx_word' id='word_1_200' title='bbox 122 3978 340 4064; x_wconf 91' lang='lat' dir='ltr'><strong>argumenta</strong></span> <span class='ocrx_word' id='word_1_201' title='bbox 365 3976 515 4038; x_wconf 90' lang='lat' dir='ltr'><strong>sumunt</strong></span> <span class='ocrx_word' id='word_1_202' title='bbox 543 3963 589 4035; x_wconf 92' lang='lat' dir='ltr'><strong>ab</strong></span> <span class='ocrx_word' id='word_1_203' title='bbox 616 3984 660 4034; x_wconf 89' lang='lat' dir='ltr'><strong>eo</strong></span> <span class='ocrx_word' id='word_1_204' title='bbox 694 3958 792 4056; x_wconf 93' lang='lat' dir='ltr'><strong>quod</strong></span> <span class='ocrx_word' id='word_1_205' title='bbox 824 3957 964 4054; x_wconf 89' lang='lat' dir='ltr'><strong>liquida</strong></span> <span class='ocrx_word' id='word_1_206' title='bbox 994 3957 1159 4031; x_wconf 85' lang='lat' dir='ltr'><strong>suctione</strong></span> 
     </span>
     <span class='ocr_line' id='line_1_33' title="bbox 123 4067 1158 4177; baseline -0.012 -22"><span class='ocrx_word' id='word_1_207' title='bbox 123 4083 196 4154; x_wconf 87' lang='lat' dir='ltr'><strong>oris</strong></span> <span class='ocrx_word' id='word_1_208' title='bbox 212 4104 280 4177; x_wconf 89' lang='lat' dir='ltr'><strong>per</strong></span> <span class='ocrx_word' id='word_1_209' title='bbox 296 4079 454 4152; x_wconf 87' lang='lat' dir='ltr'><strong>fistulam</strong></span> <span class='ocrx_word' id='word_1_210' title='bbox 472 4075 658 4149; x_wconf 87' lang='lat' dir='ltr'><strong>ascendit:</strong></span> <span class='ocrx_word' id='word_1_211' title='bbox 686 4083 723 4146; x_wconf 88' lang='lat' dir='ltr'><strong>et</strong></span> <span class='ocrx_word' id='word_1_212' title='bbox 740 4073 843 4145; x_wconf 94' lang='lat' dir='ltr'><strong>abeo</strong></span> <span class='ocrx_word' id='word_1_213' title='bbox 861 4067 959 4167; x_wconf 91' lang='lat' dir='ltr'><strong>quod</strong></span> <span class='ocrx_word' id='word_1_214' title='bbox 977 4069 1015 4142; x_wconf 89' lang='lat' dir='ltr'><strong>in</strong></span> <span class='ocrx_word' id='word_1_215' title='bbox 1031 4069 1158 4144; x_wconf 90' lang='lat' dir='ltr'><strong>hortu-</strong></span> 
     </span>
    </p>
   </div>
   <div class='ocr_carea' id='block_1_5' title="bbox 430 4309 1059 4472">
    <p class='ocr_par' dir='ltr' id='par_1_8' title="bbox 430 4309 1059 4472">
     <span class='ocr_line' id='line_1_34' title="bbox 430 4309 844 4370; baseline -0.017 1"><span class='ocrx_word' id='word_1_216' title='bbox 430 4311 447 4346; x_wconf 73' lang='lat'><em>*</em></span> <span class='ocrx_word' id='word_1_217' title='bbox 464 4309 513 4370; x_wconf 87' lang='lat' dir='ltr'><strong>Sic</strong></span> <span class='ocrx_word' id='word_1_218' title='bbox 526 4309 604 4367; x_wconf 79' lang='lat' dir='ltr'><strong>Edit.</strong></span> <span class='ocrx_word' id='word_1_219' title='bbox 623 4310 695 4367; x_wconf 87' lang='lat'>1661</span> <span class='ocrx_word' id='word_1_220' title='bbox 713 4317 743 4367; x_wconf 84' lang='lat' dir='ltr'><strong>et</strong></span> <span class='ocrx_word' id='word_1_221' title='bbox 759 4309 844 4365; x_wconf 86' lang='lat'><strong>1688.</strong></span> 
     </span>
     <span class='ocr_line' id='line_1_35' title="bbox 1001 4415 1059 4472; baseline 0 -14"><span class='ocrx_word' id='word_1_222' title='bbox 1001 4420 1026 4472; x_wconf 81' lang='grc' dir='ltr'>Τ</span> <span class='ocrx_word' id='word_1_223' title='bbox 1045 4415 1059 4458; x_wconf 76' lang='lat'><strong>‘2</strong></span> 
     </span>
    </p>
   </div>
   <div class='ocr_carea' id='block_1_6' title="bbox 0 0 1478 5010">
    <p class='ocr_par' dir='ltr' id='par_1_9' title="bbox 0 0 1478 5010">
     <span class='ocr_line' id='line_1_36' title="bbox 0 0 1478 5010; baseline 0 4"><span class='ocrx_word' id='word_1_224' title='bbox 0 0 1478 5010; x_wconf 95' lang='lat' dir='ltr'><strong> </strong></span> 
     </span>
    </p>
   </div>
  </div>
 </body>
</html>
