2946 5010
307 386 355 452 30
523 401 789 453 ΕΧΑΜΙΝΑΤΙΟ
808 401 860 453 ΕΤ
878 400 1123 454 EMENDATIO

117 589 268 634 nrmoous
304 563 441 660 adjecit
467 564 557 639 illud
583 575 766 665 quotenos
788 564 931 640 mobile.
982 565 1048 639 Sin
1065 563 1229 655 dixisset,
1249 565 1347 664 ply-

180 671 200 712 1.

120 741 263 778 »τό

303 677 420 751 aioom
444 679 638 753 seientiam
662 703 743 753 eme
768 680 806 752 in
826 704 901 778 qno
917 678 1214 752 demonstrantur
1230 680 1346 774 offec-

304 789 424 865 tionea
452 795 625 892 corporis
651 793 814 867 orientes·
843 819 891 867 ea
917 794 998 889 ejm
1025 790 1244 882 mobilitate,
1269 816 1344 867 non

303 916 395 1001 puto
429 904 623 1001 adjecisset
657 915 839 1004 quotenne
872 904 1013 978 mobile.
1068 904 1130 979 Sia
1159 903 1345 979 Wallisius

303 1017 427 1113 potuit
444 1017 589 1107 dixisse,
610 1019 820 1117 geometria
838 1027 895 1091 eet
910 1017 1071 1091 scientio
1096 1017 1236 1114 magni,
1255 1042 1345 1114 qoo-

304 1137 409 1203 tenna
426 1130 695 1218 memorabilia,
713 1131 870 1204 sednon
883 1130 1151 1229 magnitudinis
1168 1139 1346 1227 quotenus·

303 1241 591 1329 mmanrobilia;
616 1253 812 1342 propterea
829 1244 929 1339 quod
952 1244 990 1316 in
1012 1267 1166 1340 corpore
1184 1243 1345 1339 quidem,

304 1357 381 1430 sive
398 1381 532 1454 magno
559 1357 635 1431 sive
659 1381 785 1454 parvo,
802 1367 888 1431 sunt
914 1357 987 1430 alia
1011 1357 1128 1430 multa
1150 1380 1233 1453 quae
1257 1381 1345 1431 oon-

304 1468 459 1543 siderari
472 1482 625 1567 possunt
637 1484 885 1567 praeterquam
899 1470 998 1566 quod
1015 1470 1063 1543 sit
1079 1469 1344 1555 memorabile,-

302 1583 343 1655 in
372 1582 626 1679 magnitudine
660 1592 784 1657 autem
811 1582 915 1656 nihil.
967 1582 1111 1656 Deinde
1140 1583 1244 1673 illud,
1275 1585 1345 1659 soi-

303 1696 404 1770 entia
419 1696 701 1795 mognitmtinia,
719 1696 795 1769 sive
809 1696 920 1769 etiam
933 1694 1072 1793 magni,
1088 1707 1229 1769 tantem
1242 1697 1346 1772 abest

303 1809 350 1883 ab
367 1820 503 1900 ἀκριβείᾳ,
524 1821 567 1883 ut
584 1810 634 1884 sit
650 1809 861 1886 absurdum.
914 1808 1014 1884 Quid
1029 1833 1152 1906 quaeso
1171 1822 1228 1884 est
1244 1812 1346 1885 aoire

303 1922 604 2021 magnitudinem,
618 1924 676 1997 vel
693 1925 791 1997 noire
807 1927 1013 2023 mognom?
1039 1923 1177 1995 Praeter
1190 1923 1344 2022 alicujus

304 2035 395 2110 dieti
408 2037 612 2124 veritatem,
625 2036 716 2111 nihil
730 2037 816 2112 sciri
829 2037 987 2120 dicitur;
1013 2035 1137 2132 itaque
1150 2037 1221 2110 nisi
1238 2062 1344 2136 mog-

302 2173 386 2222 nom
404 2148 451 2223 sit
465 2151 686 2249 propositio,
705 2152 791 2225 sciri
806 2175 882 2224 non
898 2161 1032 2247 potest.

351 2263 401 2335 B.
432 2264 626 2339 Quomodo
639 2263 768 2338 definit
784 2264 1078 2337 arithmeticam?

351 2375 402 2448 Α.
429 2377 709 2450 Arithmetioom
742 2401 830 2450 oero
859 2401 940 2450 eoae
970 2376 1162 2450 scientium
1190 2376 1342 2467 monteri,

303 2497 480 2585 quotenne
496 2488 749 2562 nomerobilie.

351 2601 401 2676 B.
432 2601 566 2674 Eadem
585 2611 670 2675 sunt
687 2614 725 2675 et
741 2602 801 2676 hio
818 2602 920 2676 vitia.

351 2715 400 2787 A.
429 2715 641 2788 Posteriori
657 2739 743 2787 oero
761 2715 876 2805 modo,
899 2713 1144 2813 geometriam
1169 2711 1252 2786 dico
1269 2714 1344 2787 oei-

301 2827 438 2901 entiom
452 2827 543 2900 bene
556 2828 792 2902 memorandi
803 2856 818 2912 ;
844 2827 1117 2901 arithmeticam
1133 2835 1254 2899 nutem
1270 2828 1342 2900 aoi-

302 2939 439 3013 entiom
458 2939 544 3012 beroe
559 2939 940 3016 numerandi-Quid
958 2953 1015 3012 est
1032 2939 1273 3013 mensurare?

350 3053 401 3126 B:
429 3053 641 3127 Mensuram
653 3049 957 3151 definiisti'supra,
972 3053 1184 3127 describens
1195 3052 1233 3125 id
1244 3053 1344 3148 quod

300 3163 441 3248 faciunt
458 3166 522 3262 qui
539 3165 680 3262 aliquid
697 3179 923 3254 mensurant,
947 3165 1121 3238 nimirum
1139 3188 1344 3238 mosaeam

300 3301 382 3350 eoae
399 3277 694 3376 applicationem,
712 3280 775 3352 &a
829 3279 958 3375 Itaque
975 3300 1186 3351 mensurare
1207 3286 1263 3350 est
1279 3301 1343 3374 ap-

300 3389 437 3486 plicare
455 3412 663 3463 mensuram
680 3390 728 3463 ad
745 3390 1035 3488 magnitudinem
1047 3389 1342 3478 mensurandam,

302 3504 443 3599 quoties
469 3504 550 3576 fieri
579 3513 715 3600 potest,
745 3515 789 3576 ut
817 3527 999 3577 mensurae
1022 3503 1069 3576 ad
1092 3515 1343 3576 mensuratum

300 3617 395 3690 ratio
419 3616 637 3689 adsensum
661 3628 878 3713 exponatur.
930 3617 1059 3712 Itaque
1081 3639 1237 3712 corpora
1255 3638 1342 3687 con-

300 3730 467 3803 sistentia
484 3728 633 3825 quidem
649 3752 716 3826 per
733 3729 867 3819 lineos,
893 3729 1033 3826 liquida
1058 3740 1182 3802 autem
1204 3741 1243 3802 et
1260 3752 1342 3825 quae

301 3843 414 3916 fluida
430 3853 516 3916 sunt
531 3865 598 3939 per
614 3866 719 3932 ooao,
738 3843 942 3915 mensurari
958 3842 1091 3915 solent.

350 3957 398 4028 A.
425 3957 559 4029 Nonne
577 3978 665 4051 ergo
679 3954 774 4028 bene
787 3978 999 4028 mensurare
1017 3955 1150 4039 sciunt,
1163 3953 1227 4050 qui
1240 3977 1343 4026 men-

298 4092 401 4143 suras
415 4068 667 4142 mensurandis
680 4069 773 4142 bene
790 4083 1000 4158 προσαρμόζων,
1019 4067 1059 4140 id
1076 4080 1144 4156 est,
1158 4066 1342 4162 applicare

299 4179 446 4255 sciunt?
498 4181 635 4254 Omnes
666 4204 755 4276 ergo
786 4179 965 4270 hominen,
993 4204 1061 4277 per
1089 4179 1341 4253 definitionem

299 4297 396 4370 hane
414 4293 581 4384 Wallisii,
608 4304 706 4382 sunt,
729 4316 805 4368 non
822 4292 943 4368 minus
961 4317 1071 4390 quarn
1088 4293 1176 4389 ipse,
1195 4317 1342 4388 geome-
