2946 5010
256 406 257 411 ¹
366 445 682 497 unrnnnnrrcm
703 445 946 497 uonrunnm.
1108 430 1180 497 229

142 613 173 685 si
203 612 454 708 experimenta
471 602 832 685 rerumnaturalium
856 611 1009 685 scientia
1026 610 1183 683 dicenda
1220 639 1368 681 nameus

142 727 201 811 sit,
219 725 348 821 optimi
363 725 528 797 omnium
544 725 688 822 physici
705 737 792 797 sunt
808 724 1093 820 pharmacopoei.
1226 721 1365 826 *L

194 839 242 911 B.
271 839 453 911 Caeterum
472 837 646 934 dogmata
663 839 819 910 aliorum
848 837 894 909 de
917 836 1045 910 iisdem
1071 838 1182 912 rebus

142 952 414 1025 consideremus
455 952 650 1047 paulisper.
720 950 885 1024 Luminis
920 975 1090 1046 quaenam
1126 965 1183 1024 est

142 1090 251 1138 causa
270 1063 457 1138 efficiens?
510 1065 660 1154 Lumen,
679 1063 769 1137 dicit
791 1064 934 1160 aliquiS,
949 1074 1007 1137 eat
1033 1088 1182 1162 corpus,

142 1181 247 1273 cnjus
256 1176 474 1276 particula,
491 1187 665 1250 necantes
681 1203 703 1250 e
719 1176 808 1266 sole,
828 1186 1031 1274 penetrant
1058 1176 1183 1249 oculos·

141 1293 364 1380 animalium,
384 1291 481 1364 unde
497 1291 631 1364 vident.
685 1289 825 1364 Quidni
851 1289 979 1362 eadem
1004 1290 1182 1364 facilitate

142 1418 181 1478 et
207 1405 361 1477 veritate
379 1404 505 1476 dicant
523 1404 634 1476 etiam
658 1403 829 1475 tenebras
847 1426 925 1475 esse
952 1405 1182 1498 corpuscula,

142 1543 224 1613 quae
241 1518 414 1590 exeuntia
432 1518 478 1590 ab
496 1516 619 1611 aliquo
647 1539 801 1612 corpore
830 1517 1025 1589 tenebroso
1056 1530 1095 1588 et
1119 1518 1183 1590 de-

141 1632 217 1703 lata
243 1630 290 1703 ad
316 1630 455 1718 oculos,
478 1629 620 1701 faciunt
644 1639 687 1701 ut
713 1652 789 1700 non
816 1628 977 1701 videant.
1032 1629 1182 1720 Lumen,

142 1744 232 1816 dicit
266 1744 369 1830 aliuS,
397 1756 436 1816 et
460 1743 578 1838 magis
608 1741 788 1815 accedens
816 1741 864 1814 ad
889 1743 1094 1831 veritatem,
1124 1753 1183 1815 est

141 1857 332 1929 inclinatio
363 1856 417 1929 ad
449 1866 593 1928 nactum.
646 1855 718 1927 Sed
748 1854 787 1926 id
818 1854 917 1949 quod
943 1858 1020 1951 Jam
1051 1869 1109 1929 est
1134 1857 1183 1929 ad

141 1984 283 2043 motum
301 1970 504 2057 inclinati0‚
524 1969 614 2064 quid
631 1968 808 2064 impedire
825 1979 959 2064 potest,
976 1993 1024 2041 ne
1041 1993 1116 2041 non
1134 1971 1182 2042 sit

141 2085 219 2179 ipse
242 2083 389 2157 motus?
442 2084 482 2156 Si
508 2106 650 2179 quaeras
669 2106 752 2178 quae
780 2082 854 2154 sint
883 2106 1004 2156 causae
1030 2084 1115 2155 rari
1144 2097 1182 2156 et

141 2198 260 2284 densi,
275 2197 364 2269 dicit
378 2196 469 2269 alius
487 2197 586 2292 quod
604 2197 701 2268 idem
713 2220 857 2291 corpus,
876 2219 949 2291 quo
966 2197 1048 2292 plus
1066 2220 1182 2292 quan-

141 2313 257 2384 titatis
274 2311 397 2399 habet,
416 2334 460 2383 eo
478 2311 607 2398 rarius,
622 2335 694 2407 quo
712 2310 844 2397 minus,
863 2334 907 2382 eo
926 2310 1073 2382 densius
1091 2334 1180 2383 esse.

143 2425 216 2497 Sed
234 2424 380 2519 quaeriS,
401 2435 505 2518 puto,
529 2434 571 2496 tu
596 2448 668 2519 qua
698 2422 743 2495 de
765 2445 887 2509 eausa,
903 2436 942 2494 et
969 2446 1041 2519 quo
1071 2436 1182 2519 pacto

142 2537 236 2610 effici
253 2549 387 2633 potest,
406 2549 448 2609 ut
465 2536 563 2609 idem
580 2561 734 2610 numero
746 2560 890 2632 corpus,
908 2536 947 2610 id
964 2549 1031 2626 est,
1050 2562 1182 2633 eorpus

142 2651 211 2722 sibi
224 2674 367 2745 semper
380 2651 531 2746 aequale,
543 2652 657 2746 possit
671 2652 806 2723 habere
818 2652 1061 2746 quantitatem
1073 2653 1182 2725 modo

142 2763 333 2850 minorem,
351 2764 460 2837 modo
478 2767 666 2859 majorem.

191 2877 240 2949 B.
267 2879 346 2972 Ego
364 2902 452 2950 vero
470 2877 509 2949 id
528 2902 602 2950 non
620 2901 771 2974 quaer0;
798 2877 874 2949 scio
893 2877 991 2949 enim
1009 2877 1108 2973 quod
1127 2891 1182 2950 est

142 2991 376 3086 impossibile.
431 2990 504 3064 Sed
532 3016 689 3088 corpora
715 2992 882 3064 videmus
909 2991 1018 3063 modo
1042 2992 1181 3088 augeri,

141 3105 251 3178 modo
271 3104 448 3186 diminui;
474 3128 557 3200 quae
573 3118 698 3177 tamen
716 3105 843 3177 eadem
862 3128 941 3176 esse
959 3104 1126 3177 dicimus.

193 3217 241 3291 A.
270 3219 354 3291 Non
379 3229 502 3290 autem
526 3217 623 3290 idem
654 3241 806 3290 numero
835 3241 968 3312 corpus
993 3240 1071 3288 esse
1099 3240 1180 3311 pos-

142 3343 238 3420 sunt,
255 3331 327 3403 nisi
343 3331 439 3403 idem
458 3355 537 3404 esse
565 3354 713 3403 censeas
745 3340 864 3403 totum
894 3341 932 3401 et
958 3353 1056 3424 pars.
1109 3329 1182 3401 Sed

141 3445 221 3516 haec
238 3444 330 3516 nihil
347 3445 508 3517 attinent
525 3444 571 3516 ad
589 3443 738 3516 denannz
756 3456 793 3516 et
811 3466 951 3515 rarum.
995 3443 1054 3514 An
1072 3454 1182 3538 putas

142 3557 240 3629 idem
258 3582 334 3645 vas,
352 3558 502 3653 plenum
521 3579 637 3652 aquae,
652 3557 769 3650 majus
787 3555 951 3627 minusve
971 3578 1059 3644 esse,
1073 3580 1182 3651 quam

142 3670 171 3742 si
189 3670 339 3764 plenum
357 3683 452 3742 esset
466 3693 685 3766 quocunque
704 3669 775 3741 alio
793 3667 972 3763 corpore?
1283 3661 1286 3666 ’

192 3784 241 3856 B.
269 3785 422 3855 Minime
440 3783 620 3878 profecto,

193 3897 239 3966 A.
269 3895 429 3969 Quidam
453 3920 498 3966 ex
516 3894 742 3990 philosophis
759 3893 868 3988 hujus
896 3893 1008 3964 seculi
1036 3916 1183 3965 causam

142 4008 227 4080 rari
245 4020 283 4080 et
301 4008 409 4080 densi
428 4008 585 4103 explicat
603 4008 674 4079 hoc
693 4006 816 4077 modo.
870 4005 908 4076 Si
923 4005 1010 4077 duto
1036 4008 1184 4101 corpori

143 4123 390 4195 immisceatur
407 4121 623 4217 quantitatis
640 4121 733 4217 plus,
751 4122 794 4192 fit
816 4143 963 4202 rarum;
991 4120 1019 4192 si
1048 4121 1183 4210 minuS,

143 4235 307 4308 densum.

197 4349 245 4422 B.
274 4349 406 4422 Nullus
437 4347 586 4420 omniuo
617 4359 672 4419 est
702 4347 853 4420 effectus
871 4347 1061 4435 naturalis,
1080 4348 1185 4442 cujus
