2946 5010
316 377 361 444 10
530 392 801 447 axanrnnrro
821 393 873 446 nr
892 394 1143 447 nuannnmo

124 577 277 623 onmem
311 557 487 655 dependit
503 584 526 632 a
541 583 646 657 prop.
666 568 723 650 16,
738 561 801 633 lib.
816 561 864 634 vi.
890 561 1165 634 Elementorum
1181 561 1356 648 Euclidis,

123 659 268 764 ζμ,
310 683 348 744 et
377 695 400 743 a
425 695 530 770 prop.
549 681 611 764 47,
639 674 702 747 lib.
720 675 745 747 i.
770 672 946 770 ejusdem,
975 674 1126 770 aliisque
1157 676 1357 750 notissimis

308 785 635 880 propositionibus,
671 810 762 883 quas
794 798 943 882 oportet
977 787 1078 883 prius
1107 787 1212 876 scire,
1244 813 1356 883 quam

309 898 392 993 quis
408 899 526 994 possit
548 901 605 974 uti
628 900 757 997 regula
783 900 955 994 algebrae.
1006 900 1124 990 Adeo,
1142 903 1355 997 geometriae

308 1010 458 1107 algebra
476 1011 644 1104 debetur,
670 1037 746 1088 non
764 1013 817 1086 illi
834 1013 1049 1108 geometria.
1102 1014 1199 1087 Nam
1217 1015 1355 1110 absque

308 1122 389 1212 hac,
417 1125 623 1220 quaesitum,
642 1127 711 1199 etsi
735 1127 774 1199 in
801 1126 1010 1222 aequatione
1028 1127 1272 1216 contineatur,
1287 1152 1355 1201 sae-

306 1234 456 1330 pissime
485 1237 689 1333 ignoratur.
742 1238 822 1311 Imo
841 1260 928 1311 vero
955 1237 1035 1333 ipsa
1056 1235 1260 1335 Analptico
1278 1264 1355 1337 per

299 1350 616 1446 potestatemve
634 1374 718 1423 cum
736 1350 909 1447 symbolis
927 1351 1004 1423 sive
1022 1351 1160 1447 absque
1178 1353 1354 1448 symbolis

308 1476 534 1553 exerceatur,
553 1463 645 1536 adeo
664 1476 720 1536 est
738 1465 873 1559 exigua
895 1486 980 1560 pars
996 1464 1192 1561 analyticae
1209 1466 1354 1540 univer-

307 1575 405 1666 salis,
435 1589 478 1650 ut
511 1577 632 1651 nullus
660 1579 739 1674 ejus
765 1601 885 1675 neque
912 1578 951 1651 in
978 1578 1132 1671 anguliS,
1160 1602 1280 1675 neque
1315 1581 1353 1653 in

307 1688 466 1778 circulis,
482 1714 604 1787 neque
632 1691 671 1764 in
692 1691 818 1764 solidis
839 1714 926 1763 usus
952 1689 1011 1779 sit,
1031 1690 1096 1763 sed
1123 1691 1353 1766 solummodo

306 1801 345 1875 in
363 1803 712 1899 parallelogrammis
733 1802 957 1899 rectangulis
979 1815 1017 1876 et
1034 1803 1227 1899 triangulis
1244 1805 1351 1878 recti-

306 1915 423 1990 lineis.
475 1917 598 1989 Etiam
627 1917 665 1990 in
693 1916 750 1990 his
773 1918 845 1990 hoc
871 1927 1017 1990 tantum
1042 1930 1206 2011 praestat,
1234 1928 1276 1989 ut
1302 1918 1351 2006 id,

305 2029 406 2125 quod
432 2030 472 2102 in
502 2029 648 2102 illarum
677 2053 767 2126 quas
801 2028 911 2102 modo
945 2028 1023 2101 dixi
1057 2029 1352 2124 propositionum

304 2141 500 2216 verborum
530 2142 730 2215 involucris
761 2141 985 2230 continetur,
1009 2163 1138 2213 eruere
1154 2142 1350 2215 valeamus.

304 2253 486 2353 Analyaia
511 2256 609 2329 enim
635 2278 713 2353 per
739 2264 966 2351 potestates,
998 2278 1073 2327 non
1106 2256 1276 2350 procedit
1303 2257 1350 2330 ab

304 2370 439 2442 effectu
452 2369 500 2442 ad
517 2393 677 2457 causam,
690 2369 756 2442 sed
769 2368 815 2441 ab
830 2391 904 2441 una
920 2368 1146 2463 proprietate
1163 2369 1212 2442 ad
1228 2369 1350 2460 aliam,

296 2505 390 2571 non,
407 2495 450 2556 ut
467 2495 523 2556 est
549 2495 683 2555 natura
708 2505 840 2568 causae,
863 2481 1036 2576 priorem,
1060 2482 1125 2555 sed
1150 2482 1197 2555 ab
1221 2483 1349 2556 eadem

302 2618 415 2667 causa
431 2595 606 2689 genitam.
658 2594 854 2690 Analytica
870 2617 958 2689 ergo
977 2594 1057 2668 haec
1074 2618 1133 2668 res
1150 2595 1350 2669 admodum

303 2720 461 2804 angusta
478 2719 546 2797 est,
561 2730 770 2803 quanquam
783 2706 832 2779 ad
848 2706 1166 2801 trigonometriam
1182 2710 1221 2782 in
1240 2710 1348 2784 rectis

303 2820 408 2893 lineis
436 2821 678 2894 exercendam
701 2844 776 2892 non
794 2821 944 2894 omnino
964 2820 1127 2902 inutilis;
1154 2846 1281 2896 verum
1300 2826 1348 2896 ob

301 2957 473 3029 magnam
497 2932 773 3006 multitudinem
802 2933 1064 3028 symbolorum,
1083 2935 1215 3030 quibus
1237 2936 1348 3010 hodie

301 3059 488 3133 oneratur,
507 3069 581 3120 una
598 3068 682 3118 cum
698 3044 791 3118 falsa
815 3045 987 3140 opinione
1008 3046 1108 3142 quod
1124 3046 1207 3141 plus
1227 3048 1348 3121 valeat

302 3159 383 3255 ipsa
411 3158 607 3231 methodus
633 3181 742 3252 quam
765 3180 894 3231 revera
909 3158 1019 3248 valet,
1039 3183 1106 3255 pro
1133 3172 1236 3256 peste
1258 3185 1346 3257 geo-

301 3272 444 3346 metriae
460 3270 630 3344 habenda
646 3282 714 3343 est.
766 3270 857 3342 Inde
882 3270 980 3344 enim
1006 3282 1062 3344 est
1080 3272 1180 3367 quod
1196 3273 1347 3347 investi·

299 3387 402 3484 gatio
421 3408 625 3472 causarum,
644 3409 667 3457 a
684 3408 758 3480 qua
773 3384 852 3458 sola
870 3385 1009 3481 sperari
1034 3394 1156 3481 potest
1179 3387 1345 3476 scientia,

300 3500 512 3598 negligitur,
530 3497 716 3586 nimirum,
734 3509 885 3593 propter
900 3521 1002 3594 spem
1020 3496 1157 3571 factam
1175 3522 1198 3570 a
1214 3523 1345 3595 parum

299 3626 409 3688 acute
424 3611 634 3686 videntibus
651 3611 847 3706 magistris,
864 3634 973 3706 posse
989 3633 1057 3706 per
1073 3609 1345 3685 arithmeticam

298 3726 502 3823 speciosam
519 3723 661 3797 nullum
677 3747 752 3797 non
769 3723 959 3819 problema
976 3721 1069 3796 solvi
1085 3753 1094 3806 ;
1117 3746 1202 3795 cum
1219 3735 1343 3799 tamen

299 3838 540 3935 problemata,
555 3861 638 3934 quae
655 3848 799 3910 veteres
816 3835 959 3909 solvere
977 3859 1051 3908 non
1069 3848 1281 3931 potuerunt,
1295 3839 1344 3912 ad

298 3952 398 4025 hunc
415 3976 531 4048 usque
558 3951 655 4024 diem
681 3961 856 4023 maneant
881 3948 1052 4021 insoluta.
1102 3949 1187 4022 lam
1205 3952 1236 4024 si
1254 3952 1343 4047 quid

299 4078 429 4140 contra
445 4064 525 4138 haec
543 4064 741 4138 dicendum
757 4061 904 4145 habeas,
922 4060 1124 4134 audiamus.

348 4180 398 4253 B.
430 4177 533 4251 Nihil
567 4193 699 4251 contra
732 4176 826 4248 dico.
886 4174 965 4246 Etsi
999 4174 1097 4247 enim
1132 4176 1237 4249 multi
1272 4177 1341 4248 hac

297 4292 472 4367 methodo
489 4292 528 4364 in
544 4289 782 4386 problematis
795 4287 922 4363 solidis
935 4287 991 4362 usi
1008 4289 1094 4375 sint,
1105 4289 1144 4362 in
1158 4313 1202 4363 eo
1217 4302 1340 4364 tamen
