2946 5010
347 446 663 500 uarnnnuarcm
683 447 927 501 nonrnnun.
1099 429 1169 508 157

124 638 235 709 qnam
269 613 474 687 duodecem
509 615 676 688 inseruit.
741 615 924 711 Deinceps
958 623 1083 686 antem
1112 635 1169 686 re-
1205 636 1355 678 nummu

124 736 308 822 sumptam
334 727 488 800 eandem
515 729 762 823 aequationem
785 741 895 801 vexat
920 726 1070 815 frustra,
1099 748 1170 800 neo
1210 719 1354 820 „L

126 838 327 935 quidquam
345 841 465 913 adhuc
484 841 575 914 certi
594 841 720 937 prodit
737 842 904 915 Proteus.

178 952 226 1024 B.
253 953 494 1025 Transeamus
523 977 611 1048 ergo
641 951 758 1027 adea
791 976 874 1050 quae
900 952 1014 1026 habet
1040 960 1172 1025 eontra

126 1065 389 1160 Meybominm.

176 1178 224 1252 Α.
252 1179 433 1252 Praetereo
450 1179 513 1251 illa
535 1202 618 1274 qnae
648 1202 693 1251 ex
717 1178 929 1274 Meybomio
952 1179 1059 1252 affert
1087 1201 1172 1274 pro·

126 1293 247 1390 prium
264 1291 454 1364 inventum
476 1290 698 1376 extollente;
728 1292 829 1384 (nam
843 1301 881 1364 et
894 1291 1080 1364 Wallisius
1097 1313 1172 1364 non

127 1407 248 1478 minus
287 1404 458 1500 gloriose,
502 1415 540 1478 et
581 1405 697 1478 multo
741 1404 858 1500 magis
896 1402 1174 1490 contumeliose,

127 1519 255 1591 scribit
272 1542 381 1613 quam
399 1518 673 1614 Meybomins);
701 1529 738 1590 et
756 1515 858 1606 illud,
876 1517 976 1612 qnod
989 1540 1065 1590 non
1084 1515 1173 1589 satis

128 1631 330 1726 distinguat
356 1630 588 1726 Meybomius
619 1632 717 1704 inter
742 1644 773 1703 rt
800 1644 856 1703 ἀπὸ
881 1641 919 1704 et
941 1645 971 1701 ra
985 1643 1059 1702 tut:
1087 1629 1175 1724 quia

127 1767 285 1839 propero
319 1743 367 1815 ad
396 1767 441 1815 ea
470 1767 552 1838 quae
582 1743 712 1816 scribit
738 1743 783 1815 de
813 1754 947 1815 natura
976 1743 1173 1815 rationum.

128 1857 291 1932 Primum
321 1856 435 1952 igitur
477 1857 577 1952 quod
616 1854 854 1951 reprehendit
884 1853 1083 1945 Wallisius,
1118 1865 1175 1929 est

129 1969 229 2067 quod
246 1970 408 2042 Euclidis
422 1970 512 2042 illud
527 1970 566 2042 in
580 1968 794 2042 definitione
810 1968 975 2056 rationis,
989 1987 1053 2040 ποιὰ
1065 1984 1173 2062 σχέσις,

128 2084 241 2156 vertit
265 2107 330 2179 per
353 2093 457 2155 certa
482 2084 647 2179 quadam
673 2081 823 2171 relatio,
847 2094 1045 2179 propterea
1075 2081 1175 2176 quod

128 2209 208 2267 ποιὰν
236 2194 456 2292 qualitatem
486 2195 658 2292 respicit.
724 2195 764 2267 Si
794 2195 883 2291 quid
910 2194 1076 2291 peccavit
1103 2196 1175 2268 hoc

129 2313 211 2385 loco
238 2313 482 2408 Meybomim,
511 2325 704 2408 peccatum
736 2324 794 2385 est
819 2312 919 2407 quod
944 2311 1049 2401 illud,
1077 2311 1176 2406 quod

131 2425 305 2499 Euclides
336 2426 626 2520 insignificanter
654 2425 808 2514 dixerat,
836 2425 876 2498 id
907 2425 1024 2497 voluit
1053 2424 1176 2498 dicere

130 2539 348 2612 accuratius,
405 2539 579 2611 Verteret
603 2538 790 2611 Wallisius
812 2537 1062 2612 habitudinem
1089 2562 1177 2634 quu-

131 2651 329 2739 litutiunm‚
347 2675 558 2747 quanquam
594 2650 822 2749 qualitativa
849 2676 920 2725 vox
944 2651 1076 2723 Latina
1102 2674 1177 2725 non

131 2765 191 2852 sit,
212 2787 331 2859 neque
349 2764 600 2859 intelligibilis.
656 2763 846 2837 Habitudo
864 2774 988 2837 antem
1006 2765 1045 2836 in
1062 2765 1178 2859 qnali-

131 2877 269 2950 tatibus
284 2877 375 2948 nihil
393 2876 493 2948 aliud
511 2889 569 2948 est
586 2900 697 2970 quam
713 2877 874 2963 habitus,
887 2877 927 2949 id
940 2889 1008 2965 est,
1018 2876 1177 2952 facilitas

131 2990 265 3085 agendi
292 2989 554 3063 consuetudine
582 2990 772 3086 acquisita.
826 2991 922 3079 Hoc,
941 2992 1106 3086 inquam,
1124 2990 1179 3065 ita

133 3113 190 3174 est
215 3101 356 3174 Latine.
409 3102 521 3197 Ergo,
540 3103 742 3176 secundum
760 3103 977 3192 Wallisinm‚
995 3104 1092 3177 ratio
1120 3117 1177 3178 est

134 3215 291 3288 duarum
329 3216 621 3312 magnitudinum
659 3216 967 3312 lomogenearum
1005 3243 1051 3290 ea
1086 3243 1176 3313 quae,

133 3328 329 3401 secundum
362 3329 612 3423 quantitatem,
639 3339 696 3400 est
711 3327 898 3425 facilitas
924 3330 1066 3428 agendi
1094 3354 1179 3402 eou-

133 3440 326 3513 suetudine
344 3442 540 3537 acquieitu.
594 3442 679 3516 Qua
701 3441 916 3514 definitione
944 3442 1033 3538 quid
1055 3454 1180 3538 potest

134 3577 215 3626 esse
240 3555 356 3650 magis
385 3554 605 3628 ridiculum?
658 3554 745 3627 Non
765 3556 927 3651 respexit
944 3555 1114 3629 Euclides
1130 3554 1177 3628 ad

133 3667 461 3763 praedicamentum
495 3667 694 3763 qualitatis
729 3668 768 3740 in
799 3692 888 3740 voce
914 3687 990 3757 ποιὰ,
1025 3668 1089 3741 sed
1131 3667 1180 3741 sd

132 3804 264 3854 vocem
282 3782 321 3853 in
345 3781 572 3854 enuntianda
598 3782 783 3855 rationum
807 3781 1047 3856 similitudine
1067 3783 1179 3879 vulgo

133 3895 323 3980 usitatam,
339 3905 423 3972 utrae
436 3905 505 3985 ἔχει,
524 3906 565 3968 ut
582 3894 621 3967 in
637 3895 930 3991 praecedentibus
948 3895 1179 3978 notavimus3

133 4020 246 4104 atque
273 4008 360 4081 inde
388 4008 517 4081 definit
544 4010 724 4082 rationem
747 4032 813 4104 per
831 4007 988 4104 aliquem
1004 4008 1180 4097 lubitum,

135 4146 214 4209 seu,
233 4122 332 4216 quod
350 4122 421 4193 hoc
435 4122 516 4195 loco
530 4121 630 4194 idem
644 4134 710 4209 est,
722 4145 788 4217 per
800 4120 967 4193 habitum
983 4121 1179 4218 quendam,

137 4234 324 4329 (subaudi,
343 4235 465 4307 nescio
484 4237 624 4328 quem).
677 4235 829 4307 Rectius
846 4258 934 4329 ergo
949 4235 1181 4331 Meybomius

134 4347 322 4422 rationem
357 4346 524 4420 definivit
555 4371 665 4442 quam
696 4359 761 4421 aut
790 4345 974 4420 Wallisins
1006 4361 1071 4421 ant
1104 4349 1182 4446 ipse
