2946 5010
481 434 760 488 nnostuuxrx
778 433 971 486 nnxsrcx.
1174 418 1247 495 337

204 601 335 675 ferreae
359 626 382 675 a
401 601 438 675 vi
465 602 636 676 flectente
664 612 868 698 superetur,
887 601 1137 698 proximarum
1160 626 1229 700 par
1300 632 1368 672 can.
1382 633 1412 673 v.

205 715 298 789 tium
315 715 475 789 cohaesio
501 715 624 789 subito
641 715 812 805 vincitur,
829 715 937 788 victae
953 714 1031 788 fere
1048 727 1246 814 antequam
1286 700 1429 803 W

203 850 290 924 pars
307 828 445 901 extima
460 829 704 924 frangeretur.
1311 822 1410 869 ΝΜ·

253 941 303 1013 Α.
330 941 415 1014 Vidi
433 942 570 1015 vitrum
596 942 753 1038 figuram
777 941 918 1014 habens
934 942 1080 1038 qualem
1100 941 1162 1016 hic
1184 966 1247 1040 ap·

202 1053 341 1150 pictam
368 1055 499 1129 habes:
526 1078 670 1151 nempe,
697 1053 845 1128 AABC
864 1054 1031 1129 solidam.
1083 1056 1197 1152 Cujus
1213 1057 1245 1130 si

202 1179 345 1262 partem
366 1168 434 1241 BC
454 1169 639 1265 effringas,
654 1179 774 1242 totum
791 1169 831 1240 in
855 1168 1045 1266 pulverem
1069 1168 1245 1243 discutie-

201 1294 274 1358 tur.
328 1284 484 1358 Causam
500 1285 735 1381 phaenomeni
752 1296 828 1359 tam
845 1285 998 1381 insignis
1012 1286 1106 1359 scire
1124 1287 1243 1384 cupio,

202 1396 436 1470 verisimilem
449 1398 588 1471 saltem.

253 1509 304 1583 B.
329 1511 633 1608 Experimentum
646 1511 733 1585 vidi.
787 1511 957 1601 Causam,
971 1512 1103 1609 primo,
1115 1513 1245 1608 figurae

203 1622 335 1696 dicam.
390 1623 544 1723 Virgam
576 1624 733 1697 ferream
766 1624 864 1699 vitro
899 1624 1110 1721 liquefacto,
1145 1626 1246 1723 quod

201 1736 301 1809 intra
321 1737 510 1810 fornacem
532 1738 571 1811 in
593 1761 680 1811 vase
706 1737 930 1827 continetur,
957 1738 1159 1833 intingunt.
1210 1739 1245 1812 A

201 1849 315 1945 virgae
348 1851 507 1924 termino
539 1849 715 1946 pendebit
748 1863 858 1946 gutta
886 1851 1014 1939 vitrea,
1045 1850 1246 1946 liquefacta

201 1961 363 2058 quidem,
381 1962 445 2037 sed
473 1975 597 2037 tamen
621 1963 710 2036 satis
734 1975 857 2054 tenax,
879 1964 1007 2036 similis
1032 1963 1243 2036 lachrimae:

201 2100 312 2172 quam
325 2077 494 2151 excidere
512 2077 696 2174 inaquam
714 2077 849 2152 sinunt.
891 2077 983 2150 Inde
996 2077 1114 2149 oritur
1127 2076 1246 2151 cauda

200 2189 263 2261 illa
288 2190 419 2263 ACB:
452 2214 526 2286 qua
552 2201 673 2285 rupta,
701 2189 740 2262 in
775 2215 908 2286 aquam
937 2189 1078 2279 incidit,
1111 2190 1243 2287 primo,

199 2301 349 2397 grandis
361 2303 424 2376 illa
435 2314 542 2398 gutta
553 2303 643 2387 AA;

199 2431 239 2492 et
293 2422 417 2494 statim
479 2422 644 2519 sequitur

200 2537 318 2611 cauda
339 2540 460 2629 ACB,
487 2553 525 2613 et
556 2564 644 2614 casu

199 2667 384 2730 curvatur.
423 2657 537 2731 Gutta
553 2682 642 2756 ergo

199 2768 501 2867 AAextinguitur
510 2773 641 2867 prima,

199 2894 237 2955 et
250 2895 333 2979 post
346 2897 489 2981 guttam
502 2887 640 2961 cauda:
780 2956 787 2984 ,

197 3001 307 3097 idque
335 3004 550 3094 successive,
578 3030 641 3079 ex·
776 3024 777 3051 ³

198 3117 377 3191 tinctione
400 3145 423 3192 a
444 3119 559 3195 fundo
585 3124 640 3196 in·
786 3103 792 3116 ’ἵ

198 3229 368 3323 cipiente.
398 3232 556 3328 Cognita
563 3239 641 3331 jam
760 3231 769 3283 Ψ

198 3343 361 3437 corporis
394 3345 502 3441 hujus
532 3349 642 3424 vitrei
766 3382 786 3445 Ἀ

197 3457 641 3549 generationevideamus

197 3567 286 3663 quid
304 3569 350 3641 ab
365 3593 409 3642 ea
425 3571 553 3648 inferri
573 3602 639 3675 po·
694 3561 732 3667 ἥ
777 3577 796 3659 ³,

197 3692 282 3754 test.

248 3795 433 3870 Quoniam
450 3826 534 3896 pars
553 3805 626 3878 ΑΑ
644 3809 764 3904 prima
788 3812 1027 3906 extinguitur,
1055 3823 1175 3887 motus
1202 3815 1241 3887 in

197 3931 240 3979 ea
257 3909 429 4003 partium,
455 3915 516 4009 qui
541 3918 587 3990 ab
604 3921 690 4016 igne
708 3922 747 3995 in
767 3924 964 4018 majoribus
992 3928 1121 4023 spatiis
1146 3928 1242 4011 fere:

196 4021 318 4110 batur,
331 4023 376 4094 ab
391 4049 485 4121 aqua
498 4044 650 4126 cogetur
667 4034 706 4107 in
724 4037 843 4130 spatia
860 4037 1018 4112 minora:
1038 4052 1075 4113 et
1088 4041 1242 4137 proinde

197 4145 318 4207 motus
336 4137 496 4228 partium
513 4164 638 4216 versus
658 4144 688 4216 B
707 4146 869 4222 velocior
886 4150 961 4223 fiet.

249 4247 297 4319 Α.
325 4247 426 4320 Quid
443 4250 519 4324 ita?

247 4360 297 4432 B.
324 4361 363 4434 Si
391 4386 512 4440 sumas
529 4367 670 4464 virgam
692 4395 713 4445 e
737 4371 848 4466 ferro,
871 4387 935 4453 aut
965 4380 1121 4455 materia
1149 4380 1243 4457 dura

298 4495 391 4548 von.
408 4499 464 4549 ιν.
1119 4519 1141 4568 z
