2946 5010
280 392 355 461 ubo
496 404 768 461 axauruarro
786 406 840 461 nr
857 407 1107 463 annnorum

89 598 242 643 ormoom
280 594 391 647 eausa
406 594 482 647 non
493 571 668 649 facillime
684 574 739 649 sie
761 574 990 672 expediatur,
1007 586 1046 651 et
1062 572 1193 650 eodem
1211 574 1326 650 modo

93 680 239 785 „1¹2-
280 708 355 783 quo
387 684 683 785 pharmaoopolae
708 698 918 787 temperant
947 714 1015 765 sua
1042 689 1243 787 pharmaca
1276 688 1328 763 ad

279 800 538 897 proscriptum
560 800 800 877 medicorum.
851 803 1011 901 Recipe:
1038 801 1204 899 eorporis
1230 800 1327 899 puri,

279 910 330 987 ad
361 912 532 1000 libitum;
557 915 763 1013 gravitatis,
792 915 930 1014 gradus
957 926 1069 1002 ooto;
1095 915 1327 1013 quantitatis,

278 1024 492 1125 paululum
517 1026 653 1103 eoloris
669 1030 766 1119 flavi,
784 1044 963 1127 quantum
991 1030 1136 1105 sufficit.
1197 1029 1329 1103 Minoe.

280 1138 364 1215 hiat
388 1162 534 1217 aurum.
584 1140 762 1239 Lepidam
786 1166 916 1219 narras
939 1140 1224 1241 philosophandi
1250 1165 1330 1217 me·

281 1252 449 1329 thodam.

330 1366 381 1441 A.
406 1366 458 1443 Et
473 1390 556 1442 eam
572 1367 723 1464 quidem
733 1368 977 1467 philosophiae
986 1368 1207 1443 reformatae.
1233 1366 1329 1442 Vide

277 1480 356 1577 jam
384 1478 645 1577 antiquiorem.
706 1480 898 1557 Quaritur
927 1504 1099 1577 quaenam
1126 1479 1177 1553 sit
1203 1502 1328 1570 eausa,

281 1592 382 1691 qnod
397 1616 551 1691 magnes
566 1592 706 1669 ferrum
733 1592 783 1669 ad
810 1618 851 1669 se
879 1594 1006 1669 trahit
1056 1591 1328 1690 Respondetur,

280 1716 350 1791 per
369 1708 555 1785 umbriae·
576 1694 766 1771 Quael'itilf
791 1716 930 1785 rursus,
961 1693 1051 1791 quid
1073 1703 1131 1769 esi
1157 1708 1328 1787 obprobrio.

282 1804 553 1904 Respondetur,
582 1805 729 1883 oeonlta
761 1807 931 1905 qualitas.
983 1806 1174 1884 Quaritnr
1203 1806 1328 1896 etiam,

280 1920 371 2020 qnid
403 1930 462 1995 est
494 1911 642 1997 oeoalta
670 1920 841 2019 qualitas.
908 1921 1181 2019 Respondetnr,
1216 1943 1329 2018 quam

280 2032 476 2111 nescimus.
546 2032 681 2109 Nonne
713 2032 763 2109 ad
794 2033 953 2132 primam
994 2032 1329 2131 interrogationem

281 2146 413 2223 melius
429 2170 648 2244 responsum
663 2146 939 2238 assaturam?

333 2258 385 2335 B.
411 2259 568 2335 Minime
590 2282 691 2335 sane.
743 2258 805 2335 Sia
831 2260 930 2336 enim
955 2261 1026 2335 risi
1044 2260 1213 2351 fuissem,
1242 2281 1329 2332 cnm

276 2372 427 2469 jactura
438 2371 563 2471 aliqua
577 2372 815 2449 authoritatis
842 2397 931 2463 suae,
947 2372 1066 2449 nihilo
1086 2372 1171 2471 plns
1199 2393 1329 2470 sapere

281 2510 393 2585 qnam
404 2485 537 2583 vulgos
552 2486 757 2562 hominum.

333 2598 384 2673 Α.
412 2599 472 2673 Ita
487 2608 553 2674 est.
606 2600 865 2698 Respexerunt
880 2624 969 2697 ergo
987 2600 1036 2675 ad
1059 2600 1163 2690 utile,
1183 2598 1330 2672 deserta

281 2712 487 2786 honestate.

331 2825 381 2899 B.
408 2824 452 2898 ln
478 2825 631 2922 politica
653 2837 789 2918 autem,
808 2827 890 2923 quis
917 2850 1080 2924 unquam
1108 2837 1195 2899 ante
1223 2824 1328 2897 illum

281 2950 428 3012 tantum
462 2939 613 3012 summis
640 2938 906 3035 imperantibus
937 2940 1032 3035 juris
1067 2938 1249 3028 attribuit,
1285 2948 1334 3009 ut

282 3052 459 3149 quiequid
475 3053 529 3125 illi
541 3054 731 3150 jusserint,
750 3077 795 3126 eo
812 3054 893 3150 ipso
911 3053 1012 3150 quod
1041 3051 1228 3149 jusserint,
1247 3051 1328 3124 siue

281 3165 417 3262 injuria
434 3164 560 3240 esset?

332 3277 382 3351 A.
410 3279 495 3359 lmo,
520 3302 618 3367 vero,
641 3302 725 3374 quae
752 3279 881 3352 civitas
904 3303 1068 3375 unquam
1099 3278 1236 3366 extitit,
1263 3277 1329 3348 ubi

282 3415 425 3465 summo
442 3390 638 3487 imperanti
652 3391 773 3465 minus
785 3392 880 3488 juris
892 3415 1106 3465 concessum
1124 3390 1204 3464 est?
1232 3390 1331 3462 Civi-

281 3505 368 3579 tatis
386 3505 562 3578 Romanae
579 3505 774 3600 imperium
788 3528 971 3578 summum
982 3504 1063 3602 quis
1076 3506 1160 3601 jure
1173 3502 1327 3576 habuit?

183 3632 186 3637 '
331 3617 381 3691 Β.
408 3619 494 3714 Ipsa
510 3615 660 3712 quidem
678 3617 806 3691 civitas
823 3641 979 3715 semper.
1014 3616 1184 3692 Civitatis
1202 3628 1328 3688 autem

282 3754 415 3804 munus
445 3729 694 3826 exequebatur
721 3729 833 3804 modo
862 3755 970 3820 unns,
995 3730 1107 3805 modo
1138 3731 1256 3814 alius;
1289 3742 1328 3801 et

282 3855 370 3940 post
384 3843 640 3939 Tarquinium,
658 3855 746 3916 ante
757 3844 952 3935 Caesarem,
972 3844 1130 3918 Senatus
1148 3842 1327 3938 Populus-

281 3980 353 4053 que
372 3957 572 4031 Romanus.

332 4068 381 4143 A.
410 4070 586 4166 Legistin'
615 4094 791 4168 unquam,
810 4071 910 4168 quod
938 4072 1067 4146 Romae
1095 4096 1163 4168 pro
1191 4071 1329 4168 injuria

281 4182 447 4256 habitum
475 4184 534 4273 sit,
563 4183 664 4281 qnod
688 4185 734 4258 de
761 4185 840 4257 eive
870 4185 1037 4259 Romano
1074 4184 1327 4260 constituisset

283 4296 440 4371 Senatus
459 4298 693 4395 Populusqne
712 4298 924 4374 Romanus?
