2946 5010
335 439 651 492 maruuuurrcm
673 439 920 492 neumarum.
1094 426 1162 492 105

172 606 220 679 B.
248 605 369 702 Caput
385 607 477 680 illud
495 608 663 704 quintum
677 608 935 682 definitionum
953 618 1021 694 est,
1034 607 1104 697 vel,
1123 619 1166 680 ut
1202 630 1353 673 nrmoous

122 718 307 817 ipscdicit,
315 744 398 816 quae
408 721 460 794 ibi
473 722 669 795 traduntur
679 733 764 795 suut
775 721 1166 795 iustardefinitionum.
1207 712 1351 817 L

169 834 219 906 A.
247 833 472 931 Principium
495 859 583 931 ergo
606 848 673 926 est,
692 845 869 909 4÷l=5.
923 835 1001 907 Cur
1026 859 1102 908 non
1129 845 1167 907 et

121 955 293 1035 2†3=5,
312 972 415 1045 aeque
432 949 653 1046 principium
666 962 734 1039 est,
753 963 791 1023 et
807 949 961 1046 proinde
978 948 1166 1022 indemon-

122 1060 273 1134 strabile
287 1062 386 1157 quod
399 1073 479 1135 erat
489 1063 817 1137 demonstrandum
832 1065 845 1136 i
889 1063 975 1135 Nou
986 1061 1168 1136 intellexit

121 1172 322 1263 Wallisius,
341 1174 471 1249 saltem
498 1177 633 1249 oblitus
656 1191 711 1250 est
732 1186 815 1252 l÷l
837 1175 981 1264 binarii,
1000 1184 1087 1255 2÷1
1110 1175 1169 1249 vel

127 1295 183 1360 Η
195 1295 209 1359 l
223 1295 278 1359 ÷l
301 1289 465 1379 ternarii,
484 1301 523 1362 et
547 1290 601 1362 sic
618 1289 803 1386 deinceps,
827 1313 905 1363 esse
924 1289 1167 1379 definitiones,

122 1424 242 1496 neque
259 1400 435 1474 accedere
452 1402 500 1474 ad
526 1403 719 1498 magistros
740 1403 993 1493 arithmeticae,
1016 1403 1088 1476 nisi
1106 1403 1169 1499 qui

119 1515 196 1610 jam
227 1514 350 1588 sciunt
381 1526 472 1612 quot
500 1518 650 1590 suntin
682 1518 847 1614 quolibet
873 1540 1021 1590 numero
1046 1516 1169 1614 digito

123 1627 296 1701 unitates.

174 1741 225 1814 B.
251 1742 302 1814 At
318 1742 357 1814 iu
375 1743 548 1832 numeriS,
573 1767 664 1839 quos
682 1743 856 1817 articulos
882 1758 921 1816 et
946 1743 1169 1839 compositos

123 1864 268 1937 vocant,
299 1853 493 1926 methodus
522 1855 683 1928 addendi
710 1880 880 1952 quaenam
910 1856 959 1928 sit
988 1856 1076 1928 satis
1106 1854 1170 1928 de-

124 1967 355 2040 monstravit.
407 1968 508 2041 Num
526 1981 564 2042 et
579 1970 650 2042 hoc
668 1973 808 2066 negas?

173 2080 224 2153 Α.
251 2081 338 2154 Nou
364 2106 473 2179 nego.
525 2084 599 2157 Sed
626 2086 679 2157 ita
705 2083 971 2158 demonstravit
994 2082 1170 2180 quemad-

124 2193 276 2267 modum
293 2219 442 2281 0mnes;
468 2221 554 2270 nam
572 2199 636 2294 qui
653 2199 692 2270 id
713 2197 812 2295 quod
830 2197 900 2294 ipsi
915 2197 1057 2270 faciunt
1075 2198 1170 2269 inter

126 2307 365 2404 operandum,
380 2308 477 2382 clare
496 2309 744 2406 eloquuntur:
770 2322 812 2383 ut
830 2311 894 2407 qui
911 2310 1001 2383 dicit
1016 2341 1026 2393 ;
1054 2317 1076 2380 8
1095 2320 1131 2381 et
1146 2313 1169 2390 7

125 2434 211 2495 sunt
234 2431 299 2507 t5;
326 2423 516 2497 subscribo
542 2425 726 2496 unitatum
743 2425 826 2497 loco
846 2433 890 2508 53
917 2446 1062 2496 reservo
1086 2432 1100 2495 1
1123 2422 1171 2494 ad

126 2534 248 2609 locum
266 2535 446 2608 decadum
461 2567 470 2620 ;
498 2537 643 2627 deinde,
658 2537 759 2633 quod
776 2538 1030 2610 reservabatur
1048 2560 1132 2608 curn
1148 2545 1171 2608 9

127 2659 165 2721 et
181 2657 203 2720 6
223 2661 262 2721 et
280 2656 303 2721 8
321 2663 408 2722 sunt
425 2660 472 2722 24
489 2649 656 2738 decadeS,
668 2649 706 2722 id
726 2663 794 2739 est,
809 2650 891 2723 duae
909 2651 1086 2723 centuriae
1099 2658 1170 2722 etl

128 2761 285 2834 decades
299 2794 309 2847 ;
329 2765 519 2836 subscribo
534 2764 712 2836 decadum
729 2765 848 2836 10004
868 2776 906 2836 et
923 2765 1172 2837 centuriarum

128 2875 209 2948 loco
229 2884 265 2964 2,
291 2888 333 2949 ut
356 2900 530 2948 numerus
546 2889 648 2950 totus
665 2878 730 2950 fiat
748 2886 845 2949 245:
874 2900 950 2949 uon
968 2876 1077 2950 modo
1096 2888 1172 2949 tres

128 3010 299 3061 numeros
319 2997 379 3078 80,
397 2997 459 3076 68,
477 2995 538 3078 97,
557 2990 665 3062 simul
688 2989 842 3078 addidit,
860 2989 924 3062 sed
943 2992 1053 3063 etiam
1071 3001 1173 3063 recte

128 3102 274 3175 additos
288 3126 366 3176 esse
381 3104 657 3178 demonstravit.
702 3103 803 3178 Quid
816 3104 928 3176 habet
942 3104 1002 3175 ille
1017 3102 1173 3199 amplius

128 3215 166 3288 iu
185 3214 500 3289 demonstratione
524 3217 733 3312 tripagiuali
757 3229 892 3312 praeter
909 3216 1172 3288 abundantiam

128 3328 326 3401 verborum
343 3339 381 3402 et
398 3328 660 3402 obscuritatem
677 3329 954 3424 symbolorum?

178 3441 229 3512 B.
256 3440 372 3513 Nihil.
425 3441 499 3513 Sed
524 3465 599 3512 uon
625 3442 935 3514 animadverterat
960 3464 1069 3514 voces
1091 3440 1173 3513 illas

128 3576 339 3649 puerorum,
359 3554 447 3626 dum
458 3577 629 3626 numeros
642 3555 695 3628 ita
710 3555 864 3644 addunt,
879 3554 1077 3629 additionis
1094 3578 1173 3627 esse

129 3666 495 3740 demonstrationem.

178 3781 229 3852 A.
248 3779 425 3852 Similiter
436 3779 769 3853 demonstrationes
780 3779 1071 3867 substractionis
1083 3778 1175 3851 mul-

128 3892 379 3989 tiplicationis
398 3904 437 3965 et
454 3893 653 3982 divisionis
672 3904 758 3965 sunt
781 3894 869 3987 ipsae
886 3917 995 3965 voces
1019 3916 1175 3988 operan-

128 4007 233 4095 tium,
260 4007 567 4094 subtrahentium,
591 4008 752 4102 inquam,
780 4005 1112 4100 multiplicantium,
1137 4017 1175 4078 et

129 4119 384 4193 dividentium.
429 4120 558 4216 Capite
570 4121 712 4193 decimo
726 4129 857 4215 quarto
872 4119 917 4191 de
931 4119 1174 4193 subductione

128 4243 277 4322 tractat,
292 4256 404 4328 quam
423 4232 551 4305 eodem
570 4233 680 4307 modo
695 4232 923 4305 demonstrat
938 4257 1010 4328 quo
1026 4233 1175 4306 demon-

129 4346 257 4421 stravit
275 4345 518 4420 additionem.
