2946 5010
295 421 368 488 280
614 433 668 484 nn
689 431 858 484 narona
877 431 1013 483 Annis.

295 602 472 697 majorem
490 621 670 694 occupare
686 598 809 671 locum
827 596 928 672 dicas
945 619 1054 694 quarn
1069 619 1164 693 aqna
1178 595 1266 684 sola,
1286 595 1338 669 nil

295 714 428 787 mirum
440 711 543 784 dicis.

297 893 304 902 ‚
346 824 393 898 Β.
420 824 524 912 Dico,
556 846 689 919 aquam
720 820 875 895 eandem
909 846 1063 895 numero
1098 820 1137 894 in
1171 818 1338 917 cylindro

293 939 412 1014 vitreo
431 937 540 1011 altius
558 935 765 1010 ascendisse
783 935 1015 1032 congelatam
1033 957 1142 1031 quam
1159 957 1234 1006 non
1252 956 1340 1006 con-

295 1051 469 1149 gelatam.

347 1165 396 1237 A.
423 1161 606 1257 Intelligo.
638 1159 683 1232 In
694 1184 805 1233 causa
822 1172 902 1233 erat
919 1159 1019 1257 quod
1036 1184 1132 1256 aqna
1146 1157 1340 1254 congelata

296 1276 411 1351 levior
424 1287 492 1365 est,
507 1298 616 1371 quam
630 1297 703 1346 non
716 1274 919 1370 congelata.
947 1274 1093 1347 Norunt
1104 1273 1202 1346 enim
1213 1293 1340 1345 omnes

296 1390 452 1487 glaciem
471 1399 659 1461 natantem
673 1399 778 1483 parte
796 1387 853 1460 sui
876 1387 1011 1483 aliqua,
1030 1397 1135 1459 extra
1151 1409 1283 1482 aquam
1300 1385 1340 1458 in

298 1527 372 1601 qua
397 1512 513 1590 natat,
539 1499 710 1573 eminere.
764 1497 876 1574 Quod
893 1512 1017 1572 autem
1035 1522 1189 1595 corpora
1215 1498 1341 1572 omnia

299 1641 381 1713 qnae
408 1615 504 1689 mole
525 1613 680 1710 aequalia
697 1637 792 1709 aqua
808 1613 979 1710 graviora
1007 1624 1105 1702 sunt,
1123 1611 1340 1696 subsidunt;

298 1743 338 1804 et
354 1754 437 1827 quae
454 1727 603 1816 leviora,
623 1726 786 1800 eminent
801 1758 811 1811 ;
829 1750 911 1823 quae
928 1738 1051 1799 autem
1070 1725 1202 1821 aequali
1218 1724 1341 1822 gravi-

298 1854 375 1916 tate
392 1854 490 1929 sunt,
509 1840 561 1913 ita
586 1850 717 1912 natant
742 1850 785 1912 ut
812 1863 954 1912 summa
978 1863 1104 1912 eorum
1130 1838 1341 1935 superficies

299 1951 480 2026 collocata
496 1952 543 2026 sit
560 1952 598 2024 in
622 1951 814 2048 superficie
842 1976 958 2048 aquae,
978 1951 1244 2026 demonstravit
1271 1952 1341 2025 Ar-

299 2064 494 2139 chimedes.

349 2176 396 2249 B.
426 2177 483 2250 Ad
506 2176 782 2273 generationem
810 2199 898 2272 ergo
920 2176 1052 2273 glaciei
1074 2176 1339 2273 explicandam,

301 2290 547 2364 necessarium
578 2313 656 2362 esse
686 2288 804 2373 video,
832 2312 905 2361 non
929 2290 1038 2363 modo
1065 2290 1153 2386 quid
1176 2290 1225 2363 sit
1247 2290 1341 2364 scire

300 2404 399 2501 quod
417 2427 551 2500 aquam
568 2402 658 2476 facit
676 2403 905 2498 congelatam
922 2402 1096 2476 leviorem
1114 2427 1224 2500 quam
1253 2415 1341 2476 ante

299 2528 389 2608 erat,
421 2515 485 2588 sed
516 2516 625 2588 etiarn
654 2514 742 2609 quid
769 2515 817 2587 sit
844 2515 944 2610 quod
972 2516 1125 2589 eandem
1156 2516 1244 2589 facit
1274 2516 1341 2588 du-

300 2632 446 2704 riorem.

351 2744 398 2813 A.
428 2741 619 2813 Leviorem
650 2740 750 2827 facit,
782 2741 957 2837 quicquid
990 2754 1161 2815 conatum
1192 2743 1270 2836 ejus
1294 2742 1341 2815 ad

301 2867 467 2927 centrum
487 2866 594 2924 terrae
613 2853 754 2926 minuat
772 2855 848 2925 sive
864 2855 1062 2949 impediat;
1082 2856 1119 2927 id
1136 2878 1223 2927 vero
1242 2855 1343 2927 aliud

301 2991 378 3038 esse
408 2990 483 3038 non
514 2978 636 3061 potest
664 2977 797 3062 praeter
828 2978 969 3039 motum
999 2968 1152 3062 alicujus
1178 2969 1343 3063 corporis

301 3078 450 3151 conatui
475 3079 645 3151 deorsum
673 3080 895 3175 oppositum,
915 3081 944 3152 si
964 3105 1037 3153 non
1068 3081 1343 3169 diametraliter,

301 3204 339 3266 at
357 3194 486 3265 saltem
505 3192 676 3288 obliquc;
703 3193 823 3287 idque,
844 3193 919 3264 sive
945 3193 1081 3286 glacies
1109 3196 1175 3265 fiat
1201 3195 1343 3267 invase

300 3329 366 3401 per
395 3306 479 3377 nive
510 3305 658 3377 mistum
689 3306 752 3396 sal,
772 3306 846 3376 sive
877 3305 914 3376 in
940 3304 1029 3377 locis
1056 3306 1203 3400 apertis,
1231 3318 1274 3379 ut
1303 3309 1344 3380 in

300 3443 437 3491 oceano
456 3419 731 3514 septentrionali
751 3419 808 3491 vel
828 3418 1066 3491 meridionali.
1120 3420 1247 3492 Sedet
1276 3421 1342 3493 dn-

299 3533 433 3603 riorem
451 3532 540 3603 facit
559 3545 677 3602 motus
692 3530 822 3626 aliquis
841 3531 1040 3625 oppositus.
1094 3531 1189 3604 Narn
1211 3533 1343 3605 durum

301 3644 456 3716 dicimus
474 3643 563 3715 illud
583 3655 727 3715 tanturn
745 3667 890 3738 corpuS,
905 3644 1009 3737 cujus
1027 3657 1132 3739 parte
1146 3669 1220 3717 una
1244 3659 1344 3718 mota

300 3757 505 3830 necessario
524 3756 622 3828 cedit
640 3768 782 3829 totum:
803 3768 845 3828 nt
862 3756 953 3851 lapis
972 3756 1084 3829 durus
1099 3757 1245 3843 dicitur,
1258 3759 1345 3853 quia

300 3872 329 3944 si
348 3896 457 3943 unam
477 3871 553 3966 ejus
571 3882 712 3966 partem
731 3893 886 3965 premas
913 3882 1013 3942 totus
1032 3871 1149 3958 cedet,
1168 3882 1231 3942 aut
1258 3896 1344 3966 pars

299 4008 428 4078 pressa
446 4008 521 4055 non
540 3984 658 4071 cedet,
678 3984 806 4055 saltem
822 3982 1054 4055 sensibiliter.
1108 3985 1211 4056 Unus
1230 3985 1345 4079 igitur

302 4110 422 4168 motus
448 4108 528 4168 tum
555 4096 741 4168 levitatem
771 4095 915 4190 glaciei,
945 4108 1025 4168 tum
1055 4096 1239 4185 duritiem,
1268 4099 1345 4169 sive

302 4210 576 4282 consistentiam
619 4211 792 4305 partium,
829 4209 972 4282 efficere
1012 4221 1147 4305 potest.
1216 4212 1345 4284 Motus
