2946 5010
336 414 652 468 unruuunrrcm
672 416 917 471 neniarum.
1084 401 1152 479 179

111 590 146 671 0,
162 590 197 668 3,
207 590 244 672 6,
258 590 298 666 9;
326 582 390 654 ubi
407 605 550 654 summa
567 582 737 656 maximae
755 596 793 656 et
809 584 981 672 minimae,
992 582 1032 656 id
1045 596 1101 657 est
1114 592 1151 673 9,
1193 612 1342 652 ciaconus

111 694 222 768 ducta
238 696 276 768 in
294 695 480 769 semissem
500 696 642 768 numeri
660 697 914 787 terminorum,
930 707 965 786 2,
983 696 1072 769 facit
1094 704 1150 784 18,
1193 694 1337 798 „L

110 810 297 883 semissem
315 809 417 883 ducti
431 818 454 882 9
468 809 507 881 in
524 831 719 882 numerum
737 811 977 884 terminorum
990 819 1026 882 4.
1058 810 1153 882 Geo-

109 923 262 995 metricc
294 922 405 995 etiam
433 921 582 1018 probari
611 934 747 1019 potest,
776 925 905 997 eodem
936 935 1154 1018 argumento

110 1059 183 1130 quo
196 1034 422 1131 triangulum
437 1034 645 1109 ostenditur
655 1037 989 1132 parallelogrammi
1006 1036 1062 1110 sui
1076 1060 1154 1110 esse

110 1147 314 1221 dimidium.

159 1262 208 1333 A.
235 1261 479 1335 Notissimum
499 1272 567 1335 est.
619 1261 693 1334 Sed
723 1286 798 1335 non
828 1262 890 1335 hic
921 1262 967 1335 de
997 1262 1155 1335 veritate

109 1375 284 1470 quaeritur
301 1374 557 1464 conclusionis,
585 1376 652 1450 sed
667 1375 1002 1449 demonstrationis,
1057 1376 1154 1449 Nam

108 1511 175 1583 per
190 1489 442 1562 inductionem
460 1490 607 1584 probat.
659 1490 832 1563 Inductio
849 1503 974 1563 autem
1003 1488 1155 1562 demon-

109 1602 240 1675 stratio
256 1625 333 1675 non
352 1613 420 1690 est,
438 1602 508 1674 nisi
525 1602 590 1674 ubi
607 1601 844 1698 particularia
861 1603 985 1676 omnia
1008 1625 1156 1675 enume-

109 1725 250 1805 rantur,
266 1714 365 1811 quod
382 1716 442 1787 hic
466 1726 522 1787 est
542 1714 782 1810 impossibile.
827 1716 957 1810 Itaque
971 1727 1154 1810 cumpost

110 1829 277 1923 exposita
305 1829 445 1925 aliquot
467 1828 705 1924 particularia
725 1829 917 1924 subjungit
928 1828 1048 1901 r-Et
1057 1828 1154 1925 pari

110 1941 216 2014 ruodo
234 1941 502 2038 quantumlibet
522 1941 809 2040 progediaurur‚
819 1941 991 2040 prodibit
1007 1964 1154 2039 senrpcr

110 2055 210 2127 ratio
227 2054 412 2154 subdupla
428 2055 649 2128 :—libenter
661 2054 771 2127 velim
790 2057 896 2142 scire,
909 2055 1008 2128 unde
1021 2055 1060 2128 id
1070 2056 1152 2144 scit,

109 2169 179 2241 nisi
197 2192 345 2241 causam
363 2167 526 2263 proferat
543 2180 608 2241 aut
625 2169 717 2241 sciat
734 2192 848 2264 quare
865 2169 1070 2242 necessario
1101 2169 1154 2241 ita

110 2292 177 2354 est.
231 2280 402 2355 Secunda
437 2281 640 2377 propositio
674 2281 803 2354 eadem
827 2295 884 2355 est
910 2306 995 2355 cum
1022 2283 1153 2378 prima,

113 2396 167 2486 (et
193 2405 391 2492 propterea
416 2394 520 2478 falsa,
536 2405 581 2466 ut
609 2393 681 2467 alio
709 2404 874 2490 tempore
905 2395 1154 2488 ostendetur),

110 2509 180 2580 nisi
199 2508 299 2605 quod
315 2508 420 2581 addit
437 2507 535 2580 idem
550 2508 779 2604 contingere,
798 2509 867 2582 etsi
884 2531 1060 2582 numerus
1078 2521 1153 2582 ter·

109 2622 291 2695 minorum
304 2621 354 2693 sit
370 2621 549 2693 infinitus.

161 2734 210 2807 B.
238 2735 282 2808 Id
300 2746 400 2808 certe
417 2733 550 2807 falsum
569 2746 635 2807 est.
688 2734 878 2831 Siquidem
906 2735 1004 2808 enim
1025 2758 1154 2807 nume·

109 2872 234 2920 romm
252 2847 400 2920 termini
427 2870 581 2920 numero
611 2846 746 2921 infiniti
774 2860 910 2936 essent,
939 2849 1052 2921 etiam
1080 2862 1154 2920 ter-

109 2962 231 3033 minus
264 2961 445 3032 maximus
480 2960 581 3033 solus
613 2984 681 3058 per
710 2984 749 3033 sc
783 2962 948 3034 infinitus
985 2973 1093 3049 esset,
1116 2972 1154 3034 et

110 3099 251 3147 summa
278 3073 522 3146 terminorum
553 3097 707 3145 numero
737 3074 967 3148 infinitorum
995 3074 1154 3146 semissis

110 3200 207 3260 esset
224 3187 377 3259 infinitae
395 3210 547 3259 summae
564 3185 740 3259 infinities
756 3186 1020 3282 multiplicatae.

160 3297 206 3372 A.
233 3300 319 3374 Non
336 3300 549 3396 illeprimus
567 3322 605 3371 se
623 3299 746 3372 induit
775 3300 945 3373 absurdis
974 3324 1056 3395 quae
1084 3299 1154 3371 cir-

110 3424 296 3485 cumstant
319 3412 610 3508 contemplantes
644 3411 877 3485 infinitatem.
947 3412 1153 3508 Propositio

111 3526 221 3598 tertia
232 3527 310 3599 haec
322 3538 397 3599 est:
420 3524 672 3623 Triangulum
685 3525 739 3598 ad
742 3525 1153 3624 parallelogrammum,

110 3661 222 3733 super
240 3638 378 3734 <equali
395 3639 476 3712 buri
494 3663 598 3735 reque
615 3638 815 3728 adrumeti
832 3648 872 3711 ut
894 3650 907 3714 l
930 3641 986 3712 ad
1001 3646 1035 3712 2.
1073 3640 1153 3711 Imo

109 3774 208 3839 vero,
220 3775 294 3823 non
307 3776 412 3851 ergo,
425 3751 491 3826 sed
503 3762 656 3848 propter
667 3774 796 3823 causas
810 3751 855 3823 ab
869 3751 1021 3824 Euclide
1036 3752 1154 3824 dictas

112 3863 242 3956 (Elem.
268 3874 298 3936 l.
318 3889 421 3962 prop.
440 3867 520 3959 41).
574 3864 676 3936 Idem
695 3863 892 3936 dicendum
919 3865 1041 3937 estad
1067 3889 1153 3960 pro·

107 3978 328 4073 positionem
345 3992 515 4076 quartam
530 3979 575 4050 de
593 3977 747 4051 conoide
765 3976 988 4073 parabolica
1002 3990 1154 4074 propter

109 4115 238 4164 causas
273 4092 320 4165 ab
350 4092 431 4164 aliis
462 4090 653 4163 exhibitas.
723 4090 978 4186 Propositione
1013 4090 1153 4186 quinta,

110 4203 238 4276 eadem
252 4203 427 4278 methodo
445 4203 602 4299 probare
619 4203 698 4276 vult
714 4203 850 4276 lineam
877 4204 1048 4300 spiralem
1075 4230 1154 4279 esse

994 4339 1055 4390 Nu
