<?xml version="1.0" encoding="UTF-8"?>
<!DOCTYPE html PUBLIC "-//W3C//DTD XHTML 1.0 Transitional//EN"
    "http://www.w3.org/TR/xhtml1/DTD/xhtml1-transitional.dtd">
<html xmlns="http://www.w3.org/1999/xhtml" xml:lang="en" lang="en">
 <head>
  <title>
</title>
<meta http-equiv="Content-Type" content="text/html;charset=utf-8" />
  <meta name='ocr-system' content='tesseract 3.04.00' />
  <meta name='ocr-capabilities' content='ocr_page ocr_carea ocr_par ocr_line ocrx_word'/>
</head>
<body>
  <div class='ocr_page' id='page_1' title='image "./thomhobbesmalme01hobbgoog_0326.png"; bbox 0 0 2946 5010; ppageno 0'>
   <div class='ocr_carea' id='block_1_1' title="bbox 419 423 1181 490">
    <p class='ocr_par' dir='ltr' id='par_1_1' title="bbox 419 423 1181 490">
     <span class='ocr_line' id='line_1_1' title="bbox 419 423 1181 490; baseline 0 -2"><span class='ocrx_word' id='word_1_1' title='bbox 419 435 699 490; x_wconf 70' lang='lat' dir='ltr'>rnonnunurn</span> <span class='ocrx_word' id='word_1_2' title='bbox 717 435 909 489; x_wconf 75' lang='lat' dir='ltr'>rnrsrca.</span> <span class='ocrx_word' id='word_1_3' title='bbox 1108 423 1181 490; x_wconf 82' lang='lat'>315</span> 
     </span>
    </p>
   </div>
   <div class='ocr_carea' id='block_1_2' title="bbox 144 599 1193 4315">
    <p class='ocr_par' dir='ltr' id='par_1_2' title="bbox 144 599 1183 812">
     <span class='ocr_line' id='line_1_2' title="bbox 144 599 1183 697; baseline 0.002 -23"><span class='ocrx_word' id='word_1_4' title='bbox 144 611 270 674; x_wconf 84' lang='lat' dir='ltr'>temen</span> <span class='ocrx_word' id='word_1_5' title='bbox 297 623 382 672; x_wconf 87' lang='lat' dir='ltr'>oum</span> <span class='ocrx_word' id='word_1_6' title='bbox 411 613 497 674; x_wconf 91' lang='lat' dir='ltr'>sunt</span> <span class='ocrx_word' id='word_1_7' title='bbox 521 601 560 673; x_wconf 93' lang='lat' dir='ltr'>in</span> <span class='ocrx_word' id='word_1_8' title='bbox 583 600 713 674; x_wconf 88' lang='lat' dir='ltr'>eadem</span> <span class='ocrx_word' id='word_1_9' title='bbox 738 601 836 674; x_wconf 84' lang='lat' dir='ltr'>linea</span> <span class='ocrx_word' id='word_1_10' title='bbox 866 610 991 684; x_wconf 87' lang='lat' dir='ltr'>reeta;</span> <span class='ocrx_word' id='word_1_11' title='bbox 1018 599 1058 673; x_wconf 93' lang='lat' dir='ltr'>id</span> <span class='ocrx_word' id='word_1_12' title='bbox 1085 602 1183 697; x_wconf 95' lang='lat' dir='ltr'>quod</span> 
     </span>
     <span class='ocr_line' id='line_1_3' title="bbox 146 711 996 812; baseline -0.001 -25"><span class='ocrx_word' id='word_1_13' title='bbox 146 711 330 808; x_wconf 88' lang='lat' dir='ltr'>contingit</span> <span class='ocrx_word' id='word_1_14' title='bbox 347 713 386 785; x_wconf 91' lang='lat' dir='ltr'>in</span> <span class='ocrx_word' id='word_1_15' title='bbox 403 713 598 788; x_wconf 88' lang='lat' dir='ltr'>noviluniis</span> <span class='ocrx_word' id='word_1_16' title='bbox 616 725 654 788; x_wconf 88' lang='lat' dir='ltr'>et</span> <span class='ocrx_word' id='word_1_17' title='bbox 670 713 881 812; x_wconf 90' lang='lat' dir='ltr'>pleniluniis</span> <span class='ocrx_word' id='word_1_18' title='bbox 899 713 996 787; x_wconf 88' lang='lat' dir='ltr'>solis.</span> 
     </span>
    </p>

    <p class='ocr_par' dir='ltr' id='par_1_3' title="bbox 144 823 1184 1126">
     <span class='ocr_line' id='line_1_4' title="bbox 194 823 1183 924; baseline 0.004 -27"><span class='ocrx_word' id='word_1_19' title='bbox 194 823 241 899; x_wconf 80' lang='lat' dir='ltr'>A.</span> <span class='ocrx_word' id='word_1_20' title='bbox 269 826 449 902; x_wconf 74' lang='lat' dir='ltr'>Quaeuam</span> <span class='ocrx_word' id='word_1_21' title='bbox 466 840 590 901; x_wconf 85' lang='lat' dir='ltr'>autem</span> <span class='ocrx_word' id='word_1_22' title='bbox 608 852 720 902; x_wconf 84' lang='lat' dir='ltr'>eausa</span> <span class='ocrx_word' id='word_1_23' title='bbox 736 839 804 917; x_wconf 88' lang='lat' dir='ltr'>est,</span> <span class='ocrx_word' id='word_1_24' title='bbox 823 826 922 924; x_wconf 93' lang='lat' dir='ltr'>quod</span> <span class='ocrx_word' id='word_1_25' title='bbox 941 826 1053 900; x_wconf 89' lang='lat' dir='ltr'>bisin</span> <span class='ocrx_word' id='word_1_26' title='bbox 1073 850 1183 917; x_wconf 85' lang='lat' dir='ltr'>anuo,</span> 
     </span>
     <span class='ocr_line' id='line_1_5' title="bbox 145 939 1184 1036; baseline 0.003 -24"><span class='ocrx_word' id='word_1_27' title='bbox 145 939 318 1012; x_wconf 92' lang='lat' dir='ltr'>nimirum</span> <span class='ocrx_word' id='word_1_28' title='bbox 332 940 371 1012; x_wconf 91' lang='lat' dir='ltr'>in</span> <span class='ocrx_word' id='word_1_29' title='bbox 389 940 630 1036; x_wconf 85' lang='lat' dir='ltr'>aequinoctiis,</span> <span class='ocrx_word' id='word_1_30' title='bbox 646 953 757 1015; x_wconf 85' lang='lat' dir='ltr'>aestus</span> <span class='ocrx_word' id='word_1_31' title='bbox 774 941 868 1013; x_wconf 89' lang='lat' dir='ltr'>fiunt</span> <span class='ocrx_word' id='word_1_32' title='bbox 886 940 1051 1012; x_wconf 93' lang='lat' dir='ltr'>omnium</span> <span class='ocrx_word' id='word_1_33' title='bbox 1066 940 1184 1015; x_wconf 90' lang='lat' dir='ltr'>multo</span> 
     </span>
     <span class='ocr_line' id='line_1_6' title="bbox 144 1051 321 1126; baseline -0.006 -1"><span class='ocrx_word' id='word_1_34' title='bbox 144 1051 321 1126; x_wconf 84' lang='lat' dir='ltr'>maximi?</span> 
     </span>
    </p>

    <p class='ocr_par' dir='ltr' id='par_1_4' title="bbox 145 1165 1185 1716">
     <span class='ocr_line' id='line_1_7' title="bbox 195 1165 1185 1262; baseline 0.003 -25"><span class='ocrx_word' id='word_1_35' title='bbox 195 1166 245 1239; x_wconf 91' lang='lat' dir='ltr'>B.</span> <span class='ocrx_word' id='word_1_36' title='bbox 273 1165 426 1239; x_wconf 87' lang='lat' dir='ltr'>Caeteris</span> <span class='ocrx_word' id='word_1_37' title='bbox 443 1166 531 1239; x_wconf 89' lang='lat' dir='ltr'>anni</span> <span class='ocrx_word' id='word_1_38' title='bbox 548 1166 787 1262; x_wconf 86' lang='lat' dir='ltr'>temporibus,</span> <span class='ocrx_word' id='word_1_39' title='bbox 810 1167 897 1262; x_wconf 84' lang='lat' dir='ltr'>quia</span> <span class='ocrx_word' id='word_1_40' title='bbox 914 1177 1014 1239; x_wconf 89' lang='lat' dir='ltr'>terra</span> <span class='ocrx_word' id='word_1_41' title='bbox 1035 1189 1110 1239; x_wconf 92' lang='lat' dir='ltr'>non</span> <span class='ocrx_word' id='word_1_42' title='bbox 1128 1177 1185 1241; x_wconf 89' lang='lat' dir='ltr'>est</span> 
     </span>
     <span class='ocr_line' id='line_1_8' title="bbox 145 1278 1183 1375; baseline 0.001 -23"><span class='ocrx_word' id='word_1_43' title='bbox 145 1278 185 1352; x_wconf 92' lang='lat' dir='ltr'>in</span> <span class='ocrx_word' id='word_1_44' title='bbox 197 1279 307 1375; x_wconf 87' lang='lat' dir='ltr'>plano</span> <span class='ocrx_word' id='word_1_45' title='bbox 321 1278 448 1351; x_wconf 84' lang='lat' dir='ltr'>circuli</span> <span class='ocrx_word' id='word_1_46' title='bbox 465 1280 731 1375; x_wconf 82' lang='lat' dir='ltr'>aequinoctialis</span> <span class='ocrx_word' id='word_1_47' title='bbox 748 1280 915 1368; x_wconf 85' lang='lat' dir='ltr'>caelestis,</span> <span class='ocrx_word' id='word_1_48' title='bbox 932 1291 1053 1353; x_wconf 90' lang='lat' dir='ltr'>motus</span> <span class='ocrx_word' id='word_1_49' title='bbox 1073 1291 1183 1353; x_wconf 84' lang='lat' dir='ltr'>terrae</span> 
     </span>
     <span class='ocr_line' id='line_1_9' title="bbox 146 1391 1182 1489; baseline 0.001 -26"><span class='ocrx_word' id='word_1_50' title='bbox 146 1391 207 1463; x_wconf 93' lang='lat' dir='ltr'>ille</span> <span class='ocrx_word' id='word_1_51' title='bbox 224 1414 332 1486; x_wconf 92' lang='lat' dir='ltr'>quem</span> <span class='ocrx_word' id='word_1_52' title='bbox 342 1391 464 1464; x_wconf 82' lang='lat' dir='ltr'>faeere</span> <span class='ocrx_word' id='word_1_53' title='bbox 476 1404 606 1466; x_wconf 89' lang='lat' dir='ltr'>aestum</span> <span class='ocrx_word' id='word_1_54' title='bbox 621 1393 806 1488; x_wconf 86' lang='lat' dir='ltr'>supposui,</span> <span class='ocrx_word' id='word_1_55' title='bbox 819 1404 925 1465; x_wconf 82' lang='lat' dir='ltr'>tento</span> <span class='ocrx_word' id='word_1_56' title='bbox 940 1393 1060 1465; x_wconf 92' lang='lat' dir='ltr'>miuus</span> <span class='ocrx_word' id='word_1_57' title='bbox 1070 1416 1182 1489; x_wconf 87' lang='lat' dir='ltr'>auge-</span> 
     </span>
     <span class='ocr_line' id='line_1_10' title="bbox 147 1505 1184 1603; baseline 0.003 -27"><span class='ocrx_word' id='word_1_58' title='bbox 147 1505 258 1592; x_wconf 91' lang='lat' dir='ltr'><strong>bitur,</strong></span> <span class='ocrx_word' id='word_1_59' title='bbox 285 1515 422 1600; x_wconf 83' lang='lat' dir='ltr'>quanto</span> <span class='ocrx_word' id='word_1_60' title='bbox 448 1516 571 1579; x_wconf 92' lang='lat' dir='ltr'>motus</span> <span class='ocrx_word' id='word_1_61' title='bbox 601 1505 769 1601; x_wconf 89' lang='lat' dir='ltr'>obliquus</span> <span class='ocrx_word' id='word_1_62' title='bbox 798 1505 952 1578; x_wconf 86' lang='lat' dir='ltr'>debilius</span> <span class='ocrx_word' id='word_1_63' title='bbox 978 1506 1055 1602; x_wconf 83' lang='lat' dir='ltr'>ugit</span> <span class='ocrx_word' id='word_1_64' title='bbox 1074 1530 1184 1603; x_wconf 86' lang='lat' dir='ltr'>qnam</span> 
     </span>
     <span class='ocr_line' id='line_1_11' title="bbox 147 1617 470 1716; baseline 0.003 -26"><span class='ocrx_word' id='word_1_65' title='bbox 147 1617 470 1716; x_wconf 86' lang='lat' dir='ltr'>perpendicularis.</span> 
     </span>
    </p>

    <p class='ocr_par' dir='ltr' id='par_1_5' title="bbox 149 1731 1188 2734">
     <span class='ocr_line' id='line_1_12' title="bbox 197 1731 1185 1829; baseline 0.004 -27"><span class='ocrx_word' id='word_1_66' title='bbox 197 1731 244 1805; x_wconf 89' lang='lat' dir='ltr'>A.</span> <span class='ocrx_word' id='word_1_67' title='bbox 271 1732 368 1805; x_wconf 88' lang='lat' dir='ltr'>Satis</span> <span class='ocrx_word' id='word_1_68' title='bbox 386 1744 507 1805; x_wconf 89' lang='lat' dir='ltr'>essent</span> <span class='ocrx_word' id='word_1_69' title='bbox 525 1732 605 1805; x_wconf 86' lang='lat' dir='ltr'>baec</span> <span class='ocrx_word' id='word_1_70' title='bbox 621 1732 836 1829; x_wconf 86' lang='lat' dir='ltr'>probabilia,</span> <span class='ocrx_word' id='word_1_71' title='bbox 854 1734 885 1805; x_wconf 89' lang='lat' dir='ltr'>si</span> <span class='ocrx_word' id='word_1_72' title='bbox 906 1742 1005 1806; x_wconf 88' lang='lat' dir='ltr'>terra</span> <span class='ocrx_word' id='word_1_73' title='bbox 1022 1743 1060 1806; x_wconf 87' lang='lat' dir='ltr'>et</span> <span class='ocrx_word' id='word_1_74' title='bbox 1080 1732 1185 1806; x_wconf 87' lang='lat' dir='ltr'>stella</span> 
     </span>
     <span class='ocr_line' id='line_1_13' title="bbox 149 1844 1185 1942; baseline 0 -24"><span class='ocrx_word' id='word_1_75' title='bbox 149 1856 271 1918; x_wconf 90' lang='lat' dir='ltr'>motus</span> <span class='ocrx_word' id='word_1_76' title='bbox 289 1844 381 1917; x_wconf 86' lang='lat' dir='ltr'>tales</span> <span class='ocrx_word' id='word_1_77' title='bbox 397 1868 526 1917; x_wconf 85' lang='lat' dir='ltr'>revera</span> <span class='ocrx_word' id='word_1_78' title='bbox 541 1844 720 1917; x_wconf 87' lang='lat' dir='ltr'>habereut</span> <span class='ocrx_word' id='word_1_79' title='bbox 733 1869 824 1941; x_wconf 92' lang='lat' dir='ltr'>quos</span> <span class='ocrx_word' id='word_1_80' title='bbox 838 1857 881 1918; x_wconf 92' lang='lat' dir='ltr'>tu</span> <span class='ocrx_word' id='word_1_81' title='bbox 898 1846 1084 1942; x_wconf 86' lang='lat' dir='ltr'>supponis.</span> <span class='ocrx_word' id='word_1_82' title='bbox 1112 1844 1185 1918; x_wconf 88' lang='lat' dir='ltr'>Sed</span> 
     </span>
     <span class='ocr_line' id='line_1_14' title="bbox 150 1948 1185 2045; baseline 0 -14"><span class='ocrx_word' id='word_1_83' title='bbox 150 1948 195 2031; x_wconf 90' lang='lat' dir='ltr'>de</span> <span class='ocrx_word' id='word_1_84' title='bbox 211 1958 294 2045; x_wconf 87' lang='lat' dir='ltr'>boe,</span> <span class='ocrx_word' id='word_1_85' title='bbox 312 1981 381 2031; x_wconf 87' lang='lat' dir='ltr'>nee</span> <span class='ocrx_word' id='word_1_86' title='bbox 399 1959 477 2031; x_wconf 89' lang='lat' dir='ltr'>sine</span> <span class='ocrx_word' id='word_1_87' title='bbox 494 1959 649 2045; x_wconf 88' lang='lat' dir='ltr'>ratione,</span> <span class='ocrx_word' id='word_1_88' title='bbox 667 1957 806 2032; x_wconf 92' lang='lat' dir='ltr'>dubito.</span> <span class='ocrx_word' id='word_1_89' title='bbox 859 1959 956 2033; x_wconf 86' lang='lat' dir='ltr'>Nam</span> <span class='ocrx_word' id='word_1_90' title='bbox 979 1982 1063 2033; x_wconf 87' lang='lat' dir='ltr'>eum</span> <span class='ocrx_word' id='word_1_91' title='bbox 1091 1958 1185 2031; x_wconf 87' lang='lat' dir='ltr'>aeris</span> 
     </span>
     <span class='ocr_line' id='line_1_15' title="bbox 149 2070 1186 2167; baseline 0.001 -25"><span class='ocrx_word' id='word_1_92' title='bbox 149 2071 397 2166; x_wconf 86' lang='lat' dir='ltr'>rejectionem,</span> <span class='ocrx_word' id='word_1_93' title='bbox 417 2071 577 2143; x_wconf 90' lang='lat' dir='ltr'>motibus</span> <span class='ocrx_word' id='word_1_94' title='bbox 593 2070 803 2167; x_wconf 89' lang='lat' dir='ltr'>hujusmodi</span> <span class='ocrx_word' id='word_1_95' title='bbox 820 2071 1080 2159; x_wconf 80' lang='lat' dir='ltr'>adhaerentem,</span> <span class='ocrx_word' id='word_1_96' title='bbox 1099 2094 1186 2144; x_wconf 86' lang='lat' dir='ltr'>oau-</span> 
     </span>
     <span class='ocr_line' id='line_1_16' title="bbox 150 2182 1186 2279; baseline 0.002 -24"><span class='ocrx_word' id='word_1_97' title='bbox 150 2207 227 2256; x_wconf 90' lang='lat' dir='ltr'>sam</span> <span class='ocrx_word' id='word_1_98' title='bbox 239 2206 317 2256; x_wconf 89' lang='lat' dir='ltr'>esse</span> <span class='ocrx_word' id='word_1_99' title='bbox 331 2182 430 2256; x_wconf 85' lang='lat' dir='ltr'>dieas</span> <span class='ocrx_word' id='word_1_100' title='bbox 441 2182 539 2278; x_wconf 91' lang='lat' dir='ltr'>quod</span> <span class='ocrx_word' id='word_1_101' title='bbox 550 2194 684 2257; x_wconf 84' lang='lat' dir='ltr'>eaetera</span> <span class='ocrx_word' id='word_1_102' title='bbox 694 2207 849 2279; x_wconf 86' lang='lat' dir='ltr'>corpora</span> <span class='ocrx_word' id='word_1_103' title='bbox 858 2185 981 2258; x_wconf 85' lang='lat' dir='ltr'>omnia</span> <span class='ocrx_word' id='word_1_104' title='bbox 991 2183 1038 2257; x_wconf 85' lang='lat' dir='ltr'>ad</span> <span class='ocrx_word' id='word_1_105' title='bbox 1049 2196 1186 2257; x_wconf 85' lang='lat' dir='ltr'>terram</span> 
     </span>
     <span class='ocr_line' id='line_1_17' title="bbox 150 2296 1186 2392; baseline 0.001 -23"><span class='ocrx_word' id='word_1_106' title='bbox 150 2296 397 2371; x_wconf 85' lang='lat' dir='ltr'>descendant:</span> <span class='ocrx_word' id='word_1_107' title='bbox 424 2320 490 2368; x_wconf 88' lang='lat' dir='ltr'>cur</span> <span class='ocrx_word' id='word_1_108' title='bbox 506 2320 582 2369; x_wconf 93' lang='lat' dir='ltr'>non</span> <span class='ocrx_word' id='word_1_109' title='bbox 602 2320 705 2392; x_wconf 87' lang='lat' dir='ltr'>aeque</span> <span class='ocrx_word' id='word_1_110' title='bbox 723 2296 919 2370; x_wconf 88' lang='lat' dir='ltr'>dicendum</span> <span class='ocrx_word' id='word_1_111' title='bbox 937 2309 1006 2383; x_wconf 88' lang='lat' dir='ltr'>est,</span> <span class='ocrx_word' id='word_1_112' title='bbox 1029 2321 1115 2372; x_wconf 85' lang='lat' dir='ltr'>eum</span> <span class='ocrx_word' id='word_1_113' title='bbox 1131 2296 1186 2370; x_wconf 92' lang='lat' dir='ltr'>sol</span> 
     </span>
     <span class='ocr_line' id='line_1_18' title="bbox 151 2410 1187 2509; baseline 0 -26"><span class='ocrx_word' id='word_1_114' title='bbox 151 2422 189 2483; x_wconf 87' lang='lat' dir='ltr'>et</span> <span class='ocrx_word' id='word_1_115' title='bbox 217 2410 306 2483; x_wconf 90' lang='lat' dir='ltr'>luna</span> <span class='ocrx_word' id='word_1_116' title='bbox 334 2433 456 2482; x_wconf 88' lang='lat' dir='ltr'>aerem</span> <span class='ocrx_word' id='word_1_117' title='bbox 489 2410 670 2505; x_wconf 86' lang='lat' dir='ltr'>rejiciant,</span> <span class='ocrx_word' id='word_1_118' title='bbox 705 2422 839 2484; x_wconf 86' lang='lat' dir='ltr'>oaetera</span> <span class='ocrx_word' id='word_1_119' title='bbox 869 2435 1024 2509; x_wconf 86' lang='lat' dir='ltr'>corpora</span> <span class='ocrx_word' id='word_1_120' title='bbox 1052 2422 1187 2509; x_wconf 86' lang='lat' dir='ltr'>praeter</span> 
     </span>
     <span class='ocr_line' id='line_1_19' title="bbox 151 2522 1188 2614; baseline 0.003 -19"><span class='ocrx_word' id='word_1_121' title='bbox 151 2546 274 2596; x_wconf 90' lang='lat' dir='ltr'>aerem</span> <span class='ocrx_word' id='word_1_122' title='bbox 297 2522 421 2595; x_wconf 90' lang='lat' dir='ltr'>omnia</span> <span class='ocrx_word' id='word_1_123' title='bbox 447 2523 496 2594; x_wconf 85' lang='lat' dir='ltr'>ad</span> <span class='ocrx_word' id='word_1_124' title='bbox 520 2523 643 2596; x_wconf 86' lang='lat' dir='ltr'>stellas</span> <span class='ocrx_word' id='word_1_125' title='bbox 672 2547 798 2597; x_wconf 87' lang='lat' dir='ltr'>omues</span> <span class='ocrx_word' id='word_1_126' title='bbox 822 2524 988 2599; x_wconf 89' lang='lat' dir='ltr'>similiter</span> <span class='ocrx_word' id='word_1_127' title='bbox 1014 2526 1123 2614; x_wconf 89' lang='lat' dir='ltr'>itura,</span> <span class='ocrx_word' id='word_1_128' title='bbox 1150 2535 1188 2598; x_wconf 90' lang='lat' dir='ltr'>et</span> 
     </span>
     <span class='ocr_line' id='line_1_20' title="bbox 152 2636 1187 2734; baseline 0.002 -26"><span class='ocrx_word' id='word_1_129' title='bbox 152 2636 204 2708; x_wconf 86' lang='lat' dir='ltr'>sie</span> <span class='ocrx_word' id='word_1_130' title='bbox 221 2636 335 2709; x_wconf 87' lang='lat' dir='ltr'>solem</span> <span class='ocrx_word' id='word_1_131' title='bbox 352 2648 390 2708; x_wconf 91' lang='lat' dir='ltr'>et</span> <span class='ocrx_word' id='word_1_132' title='bbox 406 2647 542 2709; x_wconf 86' lang='lat' dir='ltr'>terram</span> <span class='ocrx_word' id='word_1_133' title='bbox 555 2636 594 2708; x_wconf 93' lang='lat' dir='ltr'>in</span> <span class='ocrx_word' id='word_1_134' title='bbox 611 2661 725 2710; x_wconf 89' lang='lat' dir='ltr'>unum</span> <span class='ocrx_word' id='word_1_135' title='bbox 743 2661 875 2734; x_wconf 86' lang='lat' dir='ltr'>eorpus</span> <span class='ocrx_word' id='word_1_136' title='bbox 891 2639 1071 2713; x_wconf 81' lang='lat' dir='ltr'>coalitura</span> <span class='ocrx_word' id='word_1_137' title='bbox 1082 2637 1187 2711; x_wconf 79' lang='lat' dir='ltr'>esse?</span> 
     </span>
    </p>

    <p class='ocr_par' dir='ltr' id='par_1_6' title="bbox 152 2748 1191 3274">
     <span class='ocr_line' id='line_1_21' title="bbox 203 2748 1188 2848; baseline 0.002 -27"><span class='ocrx_word' id='word_1_138' title='bbox 203 2748 252 2821; x_wconf 92' lang='lat' dir='ltr'>B.</span> <span class='ocrx_word' id='word_1_139' title='bbox 279 2749 365 2821; x_wconf 94' lang='lat' dir='ltr'>Nou</span> <span class='ocrx_word' id='word_1_140' title='bbox 379 2759 434 2821; x_wconf 88' lang='lat' dir='ltr'>est</span> <span class='ocrx_word' id='word_1_141' title='bbox 451 2772 611 2823; x_wconf 87' lang='lat' dir='ltr'>neeesse.</span> <span class='ocrx_word' id='word_1_142' title='bbox 648 2751 745 2824; x_wconf 86' lang='lat' dir='ltr'>Nam</span> <span class='ocrx_word' id='word_1_143' title='bbox 760 2751 790 2824; x_wconf 88' lang='lat' dir='ltr'>si</span> <span class='ocrx_word' id='word_1_144' title='bbox 804 2751 878 2825; x_wconf 93' lang='lat' dir='ltr'>duo</span> <span class='ocrx_word' id='word_1_145' title='bbox 893 2775 1050 2848; x_wconf 85' lang='lat' dir='ltr'>corpora</span> <span class='ocrx_word' id='word_1_146' title='bbox 1067 2774 1188 2826; x_wconf 87' lang='lat' dir='ltr'>aerem</span> 
     </span>
     <span class='ocr_line' id='line_1_22' title="bbox 152 2860 1191 2960; baseline 0.002 -25"><span class='ocrx_word' id='word_1_147' title='bbox 152 2886 175 2935; x_wconf 88' lang='lat' dir='ltr'>a</span> <span class='ocrx_word' id='word_1_148' title='bbox 192 2885 230 2934; x_wconf 91' lang='lat' dir='ltr'>se</span> <span class='ocrx_word' id='word_1_149' title='bbox 247 2860 427 2957; x_wconf 87' lang='lat' dir='ltr'>rejiciant,</span> <span class='ocrx_word' id='word_1_150' title='bbox 445 2861 664 2957; x_wconf 87' lang='lat' dir='ltr'>reprimetur</span> <span class='ocrx_word' id='word_1_151' title='bbox 680 2864 853 2960; x_wconf 89' lang='lat' dir='ltr'>utrinque</span> <span class='ocrx_word' id='word_1_152' title='bbox 870 2877 991 2938; x_wconf 88' lang='lat' dir='ltr'>motus</span> <span class='ocrx_word' id='word_1_153' title='bbox 1008 2864 1115 2950; x_wconf 85' lang='lat' dir='ltr'>aeris,</span> <span class='ocrx_word' id='word_1_154' title='bbox 1136 2864 1191 2937; x_wconf 80' lang='lat' dir='ltr'>itu</span> 
     </span>
     <span class='ocr_line' id='line_1_23' title="bbox 152 2972 1190 3073; baseline 0.004 -26"><span class='ocrx_word' id='word_1_155' title='bbox 152 2985 194 3047; x_wconf 92' lang='lat' dir='ltr'>ut</span> <span class='ocrx_word' id='word_1_156' title='bbox 210 2974 274 3047; x_wconf 90' lang='lat' dir='ltr'>illa</span> <span class='ocrx_word' id='word_1_157' title='bbox 290 2972 363 3046; x_wconf 93' lang='lat' dir='ltr'>duo</span> <span class='ocrx_word' id='word_1_158' title='bbox 381 2975 649 3069; x_wconf 85' lang='lat' dir='ltr'>corporaooire</span> <span class='ocrx_word' id='word_1_159' title='bbox 664 2977 916 3073; x_wconf 88' lang='lat' dir='ltr'>nonpossint:</span> <span class='ocrx_word' id='word_1_160' title='bbox 942 2977 1014 3050; x_wconf 92' lang='lat' dir='ltr'>nisi</span> <span class='ocrx_word' id='word_1_161' title='bbox 1026 2977 1190 3051; x_wconf 85' lang='lat' dir='ltr'>dicamus</span> 
     </span>
     <span class='ocr_line' id='line_1_24' title="bbox 152 3087 1190 3185; baseline 0 -24"><span class='ocrx_word' id='word_1_162' title='bbox 152 3110 286 3175; x_wconf 86' lang='lat' dir='ltr'>aerem,</span> <span class='ocrx_word' id='word_1_163' title='bbox 304 3087 350 3159; x_wconf 92' lang='lat' dir='ltr'>ab</span> <span class='ocrx_word' id='word_1_164' title='bbox 367 3097 523 3182; x_wconf 89' lang='lat' dir='ltr'>utroque</span> <span class='ocrx_word' id='word_1_165' title='bbox 541 3087 649 3160; x_wconf 91' lang='lat' dir='ltr'>simul</span> <span class='ocrx_word' id='word_1_166' title='bbox 672 3112 827 3185; x_wconf 85' lang='lat' dir='ltr'>corpore</span> <span class='ocrx_word' id='word_1_167' title='bbox 851 3090 1039 3184; x_wconf 84' lang='lat' dir='ltr'>rejectum,</span> <span class='ocrx_word' id='word_1_168' title='bbox 1057 3088 1190 3185; x_wconf 86' lang='lat' dir='ltr'>expelli</span> 
     </span>
     <span class='ocr_line' id='line_1_25' title="bbox 153 3214 473 3274; baseline -0.013 0"><span class='ocrx_word' id='word_1_169' title='bbox 153 3225 174 3274; x_wconf 92' lang='lat' dir='ltr'>e</span> <span class='ocrx_word' id='word_1_170' title='bbox 191 3214 324 3273; x_wconf 87' lang='lat' dir='ltr'>natura</span> <span class='ocrx_word' id='word_1_171' title='bbox 340 3223 473 3272; x_wconf 91' lang='lat' dir='ltr'>rerum.</span> 
     </span>
    </p>

    <p class='ocr_par' dir='ltr' id='par_1_7' title="bbox 154 3312 1193 4315">
     <span class='ocr_line' id='line_1_26' title="bbox 203 3312 1190 3409; baseline 0.001 -27"><span class='ocrx_word' id='word_1_172' title='bbox 203 3312 248 3384; x_wconf 87' lang='lat' dir='ltr'>A.</span> <span class='ocrx_word' id='word_1_173' title='bbox 276 3312 458 3385; x_wconf 90' lang='lat' dir='ltr'>Videntur</span> <span class='ocrx_word' id='word_1_174' title='bbox 488 3335 576 3409; x_wconf 86' lang='lat' dir='ltr'>ergo</span> <span class='ocrx_word' id='word_1_175' title='bbox 602 3312 675 3386; x_wconf 93' lang='lat' dir='ltr'>duo</span> <span class='ocrx_word' id='word_1_176' title='bbox 701 3325 800 3387; x_wconf 85' lang='lat' dir='ltr'>astru</span> <span class='ocrx_word' id='word_1_177' title='bbox 824 3312 995 3408; x_wconf 86' lang='lat' dir='ltr'>quaelibet</span> <span class='ocrx_word' id='word_1_178' title='bbox 1028 3312 1125 3384; x_wconf 90' lang='lat' dir='ltr'>inter</span> <span class='ocrx_word' id='word_1_179' title='bbox 1151 3333 1190 3384; x_wconf 89' lang='lat' dir='ltr'>se</span> 
     </span>
     <span class='ocr_line' id='line_1_27' title="bbox 154 3423 1191 3522; baseline -0.004 -22"><span class='ocrx_word' id='word_1_180' title='bbox 154 3426 367 3500; x_wconf 85' lang='lat' dir='ltr'>distantiam</span> <span class='ocrx_word' id='word_1_181' title='bbox 383 3424 567 3522; x_wconf 82' lang='lat' dir='ltr'>quandam</span> <span class='ocrx_word' id='word_1_182' title='bbox 584 3437 709 3499; x_wconf 90' lang='lat' dir='ltr'>tenere</span> <span class='ocrx_word' id='word_1_183' title='bbox 726 3427 773 3500; x_wconf 87' lang='lat' dir='ltr'>ab</span> <span class='ocrx_word' id='word_1_184' title='bbox 798 3427 867 3500; x_wconf 85' lang='lat' dir='ltr'>hae</span> <span class='ocrx_word' id='word_1_185' title='bbox 884 3448 995 3498; x_wconf 85' lang='lat' dir='ltr'>eausa</span> <span class='ocrx_word' id='word_1_186' title='bbox 1018 3423 1191 3497; x_wconf 90' lang='lat' dir='ltr'>determi-</span> 
     </span>
     <span class='ocr_line' id='line_1_28' title="bbox 154 3536 1191 3635; baseline -0.002 -24"><span class='ocrx_word' id='word_1_187' title='bbox 154 3553 293 3629; x_wconf 82' lang='lat' dir='ltr'>natam,</span> <span class='ocrx_word' id='word_1_188' title='bbox 317 3550 354 3612; x_wconf 91' lang='lat' dir='ltr'>et</span> <span class='ocrx_word' id='word_1_189' title='bbox 370 3537 524 3635; x_wconf 90' lang='lat' dir='ltr'>proinde</span> <span class='ocrx_word' id='word_1_190' title='bbox 541 3536 589 3610; x_wconf 84' lang='lat' dir='ltr'>ad</span> <span class='ocrx_word' id='word_1_191' title='bbox 606 3562 645 3611; x_wconf 88' lang='lat' dir='ltr'>se</span> <span class='ocrx_word' id='word_1_192' title='bbox 667 3538 824 3612; x_wconf 84' lang='lat' dir='ltr'>invicem</span> <span class='ocrx_word' id='word_1_193' title='bbox 849 3537 999 3635; x_wconf 91' lang='lat' dir='ltr'>propius</span> <span class='ocrx_word' id='word_1_194' title='bbox 1016 3536 1191 3611; x_wconf 83' lang='lat' dir='ltr'>accedere</span> 
     </span>
     <span class='ocr_line' id='line_1_29' title="bbox 155 3649 1191 3750; baseline -0.001 -27"><span class='ocrx_word' id='word_1_195' title='bbox 155 3652 214 3726; x_wconf 88' lang='lat' dir='ltr'>vel</span> <span class='ocrx_word' id='word_1_196' title='bbox 239 3653 384 3750; x_wconf 85' lang='lat' dir='ltr'>longius</span> <span class='ocrx_word' id='word_1_197' title='bbox 413 3651 513 3724; x_wconf 92' lang='lat' dir='ltr'>abire</span> <span class='ocrx_word' id='word_1_198' title='bbox 542 3674 616 3724; x_wconf 92' lang='lat' dir='ltr'>non</span> <span class='ocrx_word' id='word_1_199' title='bbox 643 3674 749 3747; x_wconf 88' lang='lat' dir='ltr'>posse</span> <span class='ocrx_word' id='word_1_200' title='bbox 774 3675 883 3748; x_wconf 89' lang='lat' dir='ltr'>quam</span> <span class='ocrx_word' id='word_1_201' title='bbox 905 3675 972 3747; x_wconf 89' lang='lat' dir='ltr'>pro</span> <span class='ocrx_word' id='word_1_202' title='bbox 989 3649 1191 3746; x_wconf 78' lang='lat' dir='ltr'>aequilibrio</span> 
     </span>
     <span class='ocr_line' id='line_1_30' title="bbox 154 3762 1192 3860; baseline -0.006 -20"><span class='ocrx_word' id='word_1_203' title='bbox 154 3768 299 3840; x_wconf 87' lang='lat' dir='ltr'>virium.</span> <span class='ocrx_word' id='word_1_204' title='bbox 343 3765 498 3839; x_wconf 90' lang='lat' dir='ltr'>Videtur</span> <span class='ocrx_word' id='word_1_205' title='bbox 515 3764 639 3849; x_wconf 90' lang='lat' dir='ltr'>etiam,</span> <span class='ocrx_word' id='word_1_206' title='bbox 656 3765 845 3860; x_wconf 89' lang='lat' dir='ltr'>supposito</span> <span class='ocrx_word' id='word_1_207' title='bbox 863 3762 962 3860; x_wconf 94' lang='lat' dir='ltr'>quod</span> <span class='ocrx_word' id='word_1_208' title='bbox 979 3763 1053 3860; x_wconf 93' lang='lat' dir='ltr'>poli</span> <span class='ocrx_word' id='word_1_209' title='bbox 1071 3774 1192 3835; x_wconf 91' lang='lat' dir='ltr'>motus</span> 
     </span>
     <span class='ocr_line' id='line_1_31' title="bbox 156 3875 1191 3976; baseline -0.007 -23"><span class='ocrx_word' id='word_1_210' title='bbox 156 3881 264 3976; x_wconf 88' lang='lat' dir='ltr'>hujus</span> <span class='ocrx_word' id='word_1_211' title='bbox 285 3877 521 3972; x_wconf 86' lang='lat' dir='ltr'>(considerati</span> <span class='ocrx_word' id='word_1_212' title='bbox 544 3877 582 3949; x_wconf 92' lang='lat' dir='ltr'>iu</span> <span class='ocrx_word' id='word_1_213' title='bbox 604 3877 679 3950; x_wconf 85' lang='lat' dir='ltr'>sole</span> <span class='ocrx_word' id='word_1_214' title='bbox 705 3889 742 3949; x_wconf 90' lang='lat' dir='ltr'>et</span> <span class='ocrx_word' id='word_1_215' title='bbox 769 3877 872 3966; x_wconf 88' lang='lat' dir='ltr'>luna)</span> <span class='ocrx_word' id='word_1_216' title='bbox 901 3887 986 3948; x_wconf 92' lang='lat' dir='ltr'>sunt</span> <span class='ocrx_word' id='word_1_217' title='bbox 1012 3876 1051 3947; x_wconf 93' lang='lat' dir='ltr'>in</span> <span class='ocrx_word' id='word_1_218' title='bbox 1081 3875 1191 3969; x_wconf 83' lang='lat' dir='ltr'>plano</span> 
     </span>
     <span class='ocr_line' id='line_1_32' title="bbox 157 3990 1192 4088; baseline -0.007 -22"><span class='ocrx_word' id='word_1_219' title='bbox 157 3991 431 4088; x_wconf 83' lang='lat' dir='ltr'>aequinoctialis,</span> <span class='ocrx_word' id='word_1_220' title='bbox 465 4004 587 4064; x_wconf 89' lang='lat' dir='ltr'>motus</span> <span class='ocrx_word' id='word_1_221' title='bbox 616 3990 676 4063; x_wconf 93' lang='lat' dir='ltr'>ille</span> <span class='ocrx_word' id='word_1_222' title='bbox 706 3990 791 4063; x_wconf 90' lang='lat' dir='ltr'>solis</span> <span class='ocrx_word' id='word_1_223' title='bbox 822 4011 932 4062; x_wconf 88' lang='lat' dir='ltr'>eausa</span> <span class='ocrx_word' id='word_1_224' title='bbox 962 4010 1041 4061; x_wconf 90' lang='lat' dir='ltr'>esse</span> <span class='ocrx_word' id='word_1_225' title='bbox 1071 3999 1192 4060; x_wconf 86' lang='lat' dir='ltr'>motus</span> 
     </span>
     <span class='ocr_line' id='line_1_33' title="bbox 158 4103 1193 4200; baseline -0.006 -22"><span class='ocrx_word' id='word_1_226' title='bbox 158 4119 266 4180; x_wconf 90' lang='lat' dir='ltr'>terrae</span> <span class='ocrx_word' id='word_1_227' title='bbox 284 4104 417 4178; x_wconf 89' lang='lat' dir='ltr'>diurni.</span> <span class='ocrx_word' id='word_1_228' title='bbox 469 4105 590 4200; x_wconf 81' lang='lat' dir='ltr'>Atque</span> <span class='ocrx_word' id='word_1_229' title='bbox 612 4105 734 4192; x_wconf 90' lang='lat' dir='ltr'>etiam,</span> <span class='ocrx_word' id='word_1_230' title='bbox 753 4103 839 4200; x_wconf 88' lang='lat' dir='ltr'>quia</span> <span class='ocrx_word' id='word_1_231' title='bbox 860 4111 982 4175; x_wconf 87' lang='lat' dir='ltr'>motus</span> <span class='ocrx_word' id='word_1_232' title='bbox 1007 4113 1115 4174; x_wconf 84' lang='lat' dir='ltr'>terrae</span> <span class='ocrx_word' id='word_1_233' title='bbox 1136 4111 1193 4173; x_wconf 90' lang='lat' dir='ltr'>est</span> 
     </span>
     <span class='ocr_line' id='line_1_34' title="bbox 158 4215 1193 4315; baseline -0.003 -25"><span class='ocrx_word' id='word_1_234' title='bbox 158 4220 197 4292; x_wconf 91' lang='lat' dir='ltr'>in</span> <span class='ocrx_word' id='word_1_235' title='bbox 229 4219 339 4315; x_wconf 83' lang='lat' dir='ltr'>pluuo</span> <span class='ocrx_word' id='word_1_236' title='bbox 370 4217 559 4313; x_wconf 85' lang='lat' dir='ltr'>ecliptioae,</span> <span class='ocrx_word' id='word_1_237' title='bbox 591 4230 726 4291; x_wconf 87' lang='lat' dir='ltr'>terram</span> <span class='ocrx_word' id='word_1_238' title='bbox 758 4216 891 4290; x_wconf 90' lang='lat' dir='ltr'>debere</span> <span class='ocrx_word' id='word_1_239' title='bbox 924 4228 1066 4288; x_wconf 90' lang='lat' dir='ltr'>motum</span> <span class='ocrx_word' id='word_1_240' title='bbox 1095 4215 1193 4289; x_wconf 87' lang='lat' dir='ltr'>lunae</span> 
     </span>
    </p>
   </div>
   <div class='ocr_carea' id='block_1_3' title="bbox 1222 627 1367 731">
    <p class='ocr_par' dir='ltr' id='par_1_8' title="bbox 1222 627 1367 731">
     <span class='ocr_line' id='line_1_35' title="bbox 1235 627 1352 669; baseline -0.009 0"><span class='ocrx_word' id='word_1_241' title='bbox 1235 628 1303 669; x_wconf 72' lang='lat' dir='ltr'>our.</span> <span class='ocrx_word' id='word_1_242' title='bbox 1319 627 1352 668; x_wconf 85' lang='lat'>11.</span> 
     </span>
     <span class='ocr_line' id='line_1_36' title="bbox 1222 694 1367 731; baseline 0 0"><span class='ocrx_word' id='word_1_243' title='bbox 1222 694 1367 731; x_wconf 44' lang='grc' dir='ltr'>κεν-ν</span> 
     </span>
    </p>
   </div>
   <div class='ocr_carea' id='block_1_4' title="bbox 1225 755 1362 865">
    <p class='ocr_par' dir='ltr' id='par_1_9' title="bbox 1225 755 1362 865">
     <span class='ocr_line' id='line_1_37' title="bbox 1227 755 1362 831; baseline -0.015 -31"><span class='ocrx_word' id='word_1_244' title='bbox 1227 756 1262 800; x_wconf 77' lang='lat' dir='ltr'>De</span> <span class='ocrx_word' id='word_1_245' title='bbox 1272 755 1362 831; x_wconf 54' lang='lat' dir='ltr'>prolibus</span> 
     </span>
     <span class='ocr_line' id='line_1_38' title="bbox 1225 832 1322 865; baseline 0 0"><span class='ocrx_word' id='word_1_246' title='bbox 1225 832 1322 865; x_wconf 66' lang='lat' dir='ltr'>mmm</span> 
     </span>
    </p>
   </div>
   <div class='ocr_carea' id='block_1_5' title="bbox 0 0 1494 5010">
    <p class='ocr_par' dir='ltr' id='par_1_10' title="bbox 0 0 1494 5010">
     <span class='ocr_line' id='line_1_39' title="bbox 0 0 1494 5010; baseline 0 0"><span class='ocrx_word' id='word_1_247' title='bbox 0 0 1494 5010; x_wconf 95' lang='lat' dir='ltr'> </span> 
     </span>
    </p>
   </div>
  </div>
 </body>
</html>
