2946 5010
356 402 670 456 unrnnuarrcn
690 402 934 455 nomnnnn.
1094 385 1162 450 143

122 565 255 661 signat,
275 589 384 663 quam
398 578 454 639 est
468 591 512 640 ex
531 567 627 641 datis
648 567 775 664 primis
802 566 968 640 terminis
995 587 1164 661 progres·
1200 585 1352 629 mucuns

122 679 233 753 sionis
266 679 431 752 inventio
458 680 685 754 ulteriorum.
750 681 943 768 Praeterea,
970 678 1070 776 quod
1098 701 1163 773 per
1204 668 1348 772 L

122 784 203 866 earn
221 793 386 887 regulam
403 793 558 866 inveniri
586 805 693 890 putet
718 792 957 890 logarithmos
989 792 1163 864 termino-

123 929 206 979 rum
223 905 540 996 intermediorum,
554 908 686 980 falsum
704 919 769 980 est.
812 908 907 980 Nam
926 930 946 979 e
964 905 1164 991 contraria,

124 1021 188 1116 qui
204 1020 275 1092 hac
292 1032 449 1093 utuntur
466 1020 606 1117 regula,
631 1045 704 1093 non
728 1021 968 1117 logarithmos
995 1041 1062 1114 per
1090 1030 1165 1089 ter-

124 1134 244 1206 minos
278 1134 553 1229 progressionis,
584 1133 650 1207 sed
686 1134 862 1206 terminos
898 1131 1166 1229 progressionis

125 1246 317 1343 inquirunt
346 1269 413 1341 per
455 1247 695 1342 logarithmos
736 1247 854 1331 datos
884 1245 1069 1329 nimirum,
1099 1266 1166 1339 per

124 1369 349 1456 potestatum
366 1358 646 1433 ascendentium
663 1358 802 1432 indices
819 1357 1051 1431 arithmetice
1080 1380 1166 1452 pro-

125 1472 362 1568 portionales.

176 1584 225 1658 B.
254 1583 361 1657 Unde
375 1607 464 1680 ergo
481 1583 534 1657 illi
553 1585 589 1657 in
609 1594 768 1657 mentem
786 1585 911 1657 venire
941 1583 1062 1679 potuit
1090 1593 1166 1655 tam

126 1699 271 1794 insigne
289 1698 492 1772 inventurn.

178 1811 228 1886 A.
255 1811 523 1884 observaverat
540 1809 601 1882 ille
618 1810 715 1883 inter
733 1810 823 1883 duas
848 1810 1076 1906 quantitates
1106 1832 1166 1881 ex·

128 1935 275 2012 tremas,
294 1946 378 1995 cum
395 1921 527 1996 mediae
543 1923 728 2018 interponi
745 1923 887 2017 possint
912 1934 992 1995 tum
1020 1945 1168 2017 geome-

129 2038 233 2110 tricae
261 2048 342 2109 tum
375 2035 618 2109 arithmeticae
650 2058 804 2107 numero
839 2034 1003 2121 infinitae,
1031 2045 1168 2129 quanto

129 2149 254 2245 plures
272 2149 572 2244 interponuntur,
595 2147 839 2221 tantominus
862 2146 1105 2244 geometricas
1135 2158 1172 2219 et

130 2262 380 2336 arithmeticas
402 2262 500 2335 inter
517 2285 556 2335 se
583 2262 739 2334 differre.
793 2261 894 2349 lnde,
919 2284 988 2334 nec
1011 2258 1171 2348 aliunde,

130 2376 232 2449 venit
249 2376 283 2448 ei
301 2377 339 2449 in
357 2388 531 2464 mentem,
547 2377 647 2472 quod
664 2375 769 2448 valde
780 2374 905 2448 multis
917 2374 1047 2446 mediis
1060 2374 1171 2445 inter-

129 2490 260 2587 positis
277 2490 315 2563 in
333 2490 474 2563 ratione
487 2490 722 2586 geometrica,
737 2488 963 2584 totidemque
974 2489 1013 2560 in
1030 2487 1172 2559 ratione

132 2609 377 2694 arithmetica,
401 2609 526 2682 alterae
543 2610 589 2682 ab
607 2608 731 2681 alteris
748 2632 822 2680 non
846 2608 1022 2680 differunt
1047 2605 1117 2678 nisi
1133 2605 1172 2677 in

131 2722 231 2795 notis
247 2721 444 2795 numericis
457 2746 481 2794 a
492 2723 612 2818 prima
628 2721 721 2795 adeo
734 2722 896 2808 remotis
910 2731 953 2793 ut
965 2735 1172 2817 postremae,

132 2834 287 2907 retentis
304 2834 499 2931 prioribus,
517 2835 595 2908 sine
613 2834 748 2906 damno
762 2833 891 2906 calculi
919 2833 1059 2928 possint
1084 2856 1173 2927 neg-

133 2947 216 3044 ligi:
230 2959 267 3020 et
278 2971 344 3042 per
357 2971 596 3042 consequens,
604 2971 648 3020 ea
661 2971 743 3043 quae
756 2971 822 3042 per
832 2946 1175 3042 multiplicationem

134 3072 172 3133 et
198 3059 415 3132 divisionem
443 3060 609 3133 solebant
640 3061 842 3156 supputari,
861 3083 926 3155 per
948 3059 1175 3133 additionem

134 3187 173 3246 et
206 3172 514 3247 substractionem
541 3174 630 3246 satis
658 3184 830 3246 accurate
852 3173 1028 3267 expediri.
1081 3170 1174 3245 Quae

135 3284 309 3380 deinceps
326 3284 454 3358 scribit
470 3285 656 3358 Wallisius
685 3286 731 3358 de
760 3285 1065 3382 logarithmorum
1094 3306 1175 3368 usu,

134 3421 253 3496 pauca
269 3409 369 3486 sunt,
387 3410 426 3470 et
438 3400 660 3494 transcripta
680 3422 725 3472 ex
752 3399 858 3471 initio
886 3398 970 3471 libri
1000 3397 1045 3470 de
1074 3395 1176 3491 loga-

134 3510 281 3585 rithmis
299 3508 389 3582 editi
406 3535 429 3583 a
447 3509 610 3607 Briggio.

185 3622 235 3696 B.
263 3622 460 3696 Videamus
473 3625 550 3719 jam
568 3648 710 3719 eaquae
728 3625 963 3697 continentur
987 3626 1025 3696 in
1044 3622 1176 3718 Capite

136 3736 278 3826 xxxiii,
297 3734 342 3808 de
357 3736 616 3832 Progressione
633 3737 863 3810 Geometriea
880 3761 946 3832 per
963 3735 1137 3832 symbola.

186 3849 236 3922 A.
271 3848 370 3922 Toto
404 3850 477 3923 hoc
510 3851 630 3947 capite
676 3849 882 3938 difficultas,
917 3862 1052 3945 praeter
1095 3872 1176 3921 eam

136 3986 248 4058 quam
264 3961 406 4035 faciunt
422 3961 502 4058 ipsa
518 3963 694 4059 symbola,
712 3961 791 4034 fere
809 3961 910 4033 nulla
927 3975 994 4034 est.
1047 3961 1177 4058 ltaque

137 4075 245 4148 unius
262 4084 408 4147 tantum
425 4076 663 4148 theorematis
678 4074 1029 4147 demonstrationem
1042 4073 1177 4147 exami-

138 4188 320 4275 nabimus,
332 4187 371 4259 in
389 4211 462 4283 qua
479 4188 644 4284 regulam
658 4188 910 4260 demonstrare
927 4198 1093 4276 conatur,
1107 4212 1180 4284 qua

139 4301 247 4398 tulgo
265 4310 424 4374 utuntur
442 4301 505 4396 qui
523 4313 692 4400 quaeruut
716 4325 895 4375 summam
917 4301 1180 4398 progressionis
