2946 5010
294 453 716 508 rnoaonrronnnrnus
737 455 782 508 ru
804 456 986 507 annana.
1087 444 1161 509 483

121 630 227 694 recto
242 617 460 717 adjacentia,
478 644 562 694 oum
579 620 802 695 subtendens
818 621 881 695 illa
897 645 972 695 non
989 622 1038 695 eit
1054 620 1162 711 linea,
1197 654 1360 696 arpason.

123 732 191 807 sed
220 732 404 806 minutum
430 733 680 830 triangulum
706 736 810 832 cujus
833 736 863 809 si
886 746 1065 831 punctum
1082 757 1165 807 ver·
1207 725 1345 758 *Γ*

121 845 233 920 tioale
256 857 491 942 computetur
519 870 587 944 pro
614 846 741 937 nihilo,
761 849 939 923 terminus
969 847 1063 922 alter
1092 849 1164 920 erit

124 960 301 1055 trianguli
318 960 452 1033 minuti
467 960 576 1034 basis.

176 1073 269 1147 Cum
297 1074 394 1145 enim
418 1072 502 1147 duae
524 1086 636 1147 rectae
651 1072 728 1162 BA,
747 1073 809 1147 Bc
825 1086 1002 1169 punctum
1026 1073 1165 1146 habent

123 1186 360 1260 eommuneB
374 1187 579 1281 quantitate
597 1209 725 1260 carens
738 1216 747 1271 ;
774 1187 804 1259 si
819 1189 865 1259 ab
879 1186 1008 1260 eodem
1025 1197 1165 1282 puncto

124 1301 157 1375 B
175 1300 331 1374 ducatur
358 1299 467 1373 tertia
490 1315 593 1372 reeta
612 1300 749 1373 faciens
776 1300 951 1396 angulum
969 1323 1164 1395 quemcun-

125 1438 197 1512 que
215 1437 300 1486 cum
319 1411 384 1485 ΒΑ
401 1412 458 1484 vel
476 1411 551 1500 BC,
568 1411 630 1484 illa
653 1413 764 1485 tertia
779 1412 930 1509 propior
947 1413 1018 1486 erit
1034 1413 1165 1485 utrivis

125 1527 281 1602 duarum
309 1525 387 1613 ΒΑ,
416 1521 491 1613 ΒΟ,
524 1547 633 1620 quam
663 1524 781 1598 altera
807 1548 932 1598 earum
962 1524 1092 1610 alteri;
1126 1538 1165 1598 et

123 1650 320 1738 propterea
338 1637 489 1711 habebit
510 1637 620 1711 tertia
646 1637 709 1711 illa
732 1662 817 1711 eum
845 1638 984 1713 utravis
1001 1638 1165 1736 priorum

123 1752 208 1851 plus
238 1774 346 1848 quam
372 1762 550 1846 punctum
579 1773 786 1840 commune,
804 1751 916 1826 idest
934 1775 1164 1825 communem

124 1877 280 1964 partem.
320 1863 444 1938 Quare
457 1873 532 1936 tres
543 1863 614 1936 illae
625 1876 736 1937 reotae
753 1889 829 1937 una
845 1865 1043 1962 eademque
1057 1876 1166 1938 erunt

123 1988 237 2052 reeta.
276 1978 370 2051 Item
387 1987 537 2072 propter
554 1975 709 2049 eandem
726 2001 885 2066 eausam,
900 1989 1019 2052 totum
1036 1977 1164 2050 circuli

122 2092 275 2191 planum
292 2091 363 2162 erit
379 2089 477 2161 linea
492 2101 605 2163 reeta.
646 2089 756 2164 Quod
773 2090 861 2164 satis
878 2103 934 2164 est
951 2090 1162 2164 absurdum.

176 2202 292 2276 Recta
308 2225 396 2297 ergo
414 2201 636 2274 subtendens
658 2226 725 2299 pro
750 2202 847 2276 linea
862 2203 989 2276 haberi
1005 2227 1079 2276 non
1096 2228 1163 2299 po-

122 2326 210 2405 test,
235 2315 305 2388 nisi
335 2338 417 2410 quae
440 2315 487 2388 sit
511 2314 711 2411 diagonalis
739 2315 918 2412 quadrati.
970 2315 1039 2389 Illa
1065 2317 1162 2389 enim

125 2428 256 2503 dividit
283 2428 459 2526 angulum
492 2439 634 2500 rectum
664 2428 855 2501 bifariam:
891 2429 930 2501 id
959 2428 1058 2525 quod
1088 2453 1163 2502 non

123 2541 214 2617 facit
248 2541 451 2640 diagonalis
484 2541 689 2638 reetanguli
717 2565 792 2616 non
822 2541 1002 2638 quadrati.
1054 2543 1163 2616 Unde

124 2679 275 2731 necesse
298 2667 356 2728 est
375 2655 653 2728 numerantibus
670 2655 861 2750 quadrata,
878 2654 981 2751 (quia
996 2655 1163 2729 minutis-

123 2770 207 2845 simi
236 2769 412 2866 trianguli
436 2769 545 2859 basis,
563 2769 883 2866 quantulacunque
908 2792 953 2843 ea
970 2770 1028 2858 sit,
1047 2794 1163 2864 quan-

122 2882 212 2958 titas
242 2893 367 2957 tamen
402 2884 488 2976 est),
523 2907 634 2956 unam
669 2894 708 2956 et
734 2882 888 2956 eandem
917 2884 1163 2981 quantitatem

124 2998 257 3093 saepius
273 3019 480 3070 numerare.

176 3109 216 3181 Si
233 3107 390 3205 denique
413 3109 527 3181 cubos
552 3109 651 3204 ipsos
669 3131 735 3204 per
752 3131 924 3181 numeros
942 3108 1162 3204 investigare

124 3221 302 3309 volumus,
337 3219 560 3316 impossibile
593 3220 787 3303 volumus3
823 3219 910 3316 quia
942 3220 1163 3316 quadratum

125 3332 407 3428 multiplicatum
423 3356 489 3428 per
505 3356 698 3405 numerum
716 3331 805 3406 facit
817 3355 960 3428 semper
972 3333 1161 3428 quadrata,

125 3469 282 3543 quorum
299 3445 401 3518 nulla
417 3444 614 3518 multitudo
631 3446 742 3518 faciet
759 3447 905 3519 cubum.

176 3558 295 3633 Causa
312 3582 400 3653 ergo
418 3581 531 3653 quare
553 3558 782 3655 problemata
807 3558 881 3648 illa,
899 3557 1075 3631 metiendi
1092 3558 1161 3631 eir-

124 3672 260 3762 enlum,
279 3669 491 3768 duplicandi
508 3672 653 3758 cubum,
668 3670 855 3744 dividendi
873 3671 1060 3767 angulum,
1074 3670 1164 3743 divi-

125 3785 237 3859 dendi
255 3784 448 3872 rationem,
460 3794 497 3855 et
513 3782 586 3856 alia
601 3783 718 3856 multa
734 3782 884 3856 inventa
895 3784 1072 3858 hactenus
1089 3808 1164 3857 non

124 3898 272 3986 fuerint,
284 3896 385 3969 nulla
402 3895 580 3991 assignari
593 3907 714 3991 potest
731 3907 866 3991 praeter
881 3896 967 3969 has:
990 3905 1032 3969 1⁰.
1054 3896 1164 3972 Quod

124 4010 173 4086 ad
190 4034 234 4083 ea
250 4006 471 4082 invenienda
487 4008 592 4081 abusi
610 4019 697 4081 sunt
710 4008 959 4081 arithmetica:
985 4018 1033 4087 2⁰.
1053 4010 1165 4084 Quod

123 4147 267 4199 errores
296 4121 531 4217 antiquorum
561 4122 785 4194 recentiores
820 4121 972 4194 nimium
999 4122 1163 4197 venerati

123 4248 222 4314 sunt.
275 4245 323 4312 3⁰.
352 4233 462 4310 Quod
478 4235 541 4332 qui
558 4257 700 4309 errores
716 4234 798 4308 illos
818 4235 942 4309 eonati
959 4247 1047 4309 sunt
1062 4236 1163 4310 dete-

987 4371 1063 4423 112
