<?xml version="1.0" encoding="UTF-8"?>
<!DOCTYPE html PUBLIC "-//W3C//DTD XHTML 1.0 Transitional//EN"
    "http://www.w3.org/TR/xhtml1/DTD/xhtml1-transitional.dtd">
<html xmlns="http://www.w3.org/1999/xhtml" xml:lang="en" lang="en">
 <head>
  <title>
</title>
<meta http-equiv="Content-Type" content="text/html;charset=utf-8" />
  <meta name='ocr-system' content='tesseract 3.04.00' />
  <meta name='ocr-capabilities' content='ocr_page ocr_carea ocr_par ocr_line ocrx_word'/>
</head>
<body>
  <div class='ocr_page' id='page_1' title='image "./thomhobbesmalme01hobbgoog_0336.png"; bbox 0 0 2946 5010; ppageno 0'>
   <div class='ocr_carea' id='block_1_1' title="bbox 413 395 1173 471">
    <p class='ocr_par' dir='ltr' id='par_1_1' title="bbox 413 395 1173 471">
     <span class='ocr_line' id='line_1_1' title="bbox 413 395 1173 471; baseline -0.011 0"><span class='ocrx_word' id='word_1_1' title='bbox 413 414 692 471; x_wconf 77' lang='lat' dir='ltr'>rnonnnusrs</span> <span class='ocrx_word' id='word_1_2' title='bbox 710 413 903 470; x_wconf 77' lang='lat' dir='ltr'>rnrsrcs.</span> <span class='ocrx_word' id='word_1_3' title='bbox 1102 395 1173 465; x_wconf 82' lang='lat'>325</span> 
     </span>
    </p>
   </div>
   <div class='ocr_carea' id='block_1_2' title="bbox 140 588 797 2500">
    <p class='ocr_par' dir='ltr' id='par_1_2' title="bbox 140 588 797 2500">
     <span class='ocr_line' id='line_1_2' title="bbox 140 588 588 686; baseline -0.018 -21"><span class='ocrx_word' id='word_1_4' title='bbox 140 591 212 665; x_wconf 91' lang='lat' dir='ltr'>nisi</span> <span class='ocrx_word' id='word_1_5' title='bbox 233 612 299 686; x_wconf 91' lang='lat' dir='ltr'>per</span> <span class='ocrx_word' id='word_1_6' title='bbox 316 588 435 684; x_wconf 92' lang='lat' dir='ltr'>ipsum</span> <span class='ocrx_word' id='word_1_7' title='bbox 455 608 588 682; x_wconf 90' lang='lat' dir='ltr'>corpus</span> 
     </span>
     <span class='ocr_line' id='line_1_3' title="bbox 140 702 589 801; baseline -0.024 -22"><span class='ocrx_word' id='word_1_8' title='bbox 140 703 286 801; x_wconf 83' lang='lat' dir='ltr'>argenti</span> <span class='ocrx_word' id='word_1_9' title='bbox 301 702 374 777; x_wconf 84' lang='lat' dir='ltr'>vivi</span> <span class='ocrx_word' id='word_1_10' title='bbox 390 722 512 774; x_wconf 89' lang='lat' dir='ltr'>aerem</span> <span class='ocrx_word' id='word_1_11' title='bbox 530 721 589 770; x_wconf 93' lang='lat' dir='ltr'>ur-</span> 
     </span>
     <span class='ocr_line' id='line_1_4' title="bbox 140 811 589 918; baseline -0.024 -24"><span class='ocrx_word' id='word_1_12' title='bbox 140 818 285 918; x_wconf 80' lang='lat' dir='ltr'>gentis?</span> <span class='ocrx_word' id='word_1_13' title='bbox 353 815 457 890; x_wconf 87' lang='lat' dir='ltr'>Sicut</span> <span class='ocrx_word' id='word_1_14' title='bbox 491 811 589 885; x_wconf 91' lang='lat' dir='ltr'>enim</span> 
     </span>
     <span class='ocr_line' id='line_1_5' title="bbox 142 924 590 1027; baseline -0.027 -20"><span class='ocrx_word' id='word_1_15' title='bbox 142 955 249 1007; x_wconf 91' lang='lat' dir='ltr'>omne</span> <span class='ocrx_word' id='word_1_16' title='bbox 271 952 382 1027; x_wconf 82' lang='lat' dir='ltr'>grave</span> <span class='ocrx_word' id='word_1_17' title='bbox 411 924 590 1021; x_wconf 91' lang='lat' dir='ltr'>liquidum</span> 
     </span>
     <span class='ocr_line' id='line_1_6' title="bbox 142 1040 589 1142; baseline -0.025 -22"><span class='ocrx_word' id='word_1_18' title='bbox 142 1047 199 1120; x_wconf 92' lang='lat' dir='ltr'>sui</span> <span class='ocrx_word' id='word_1_19' title='bbox 224 1045 337 1142; x_wconf 92' lang='lat' dir='ltr'>ipsius</span> <span class='ocrx_word' id='word_1_20' title='bbox 354 1040 515 1140; x_wconf 90' lang='lat' dir='ltr'>pondere</span> <span class='ocrx_word' id='word_1_21' title='bbox 532 1061 589 1110; x_wconf 91' lang='lat' dir='ltr'>ae·</span> 
     </span>
     <span class='ocr_line' id='line_1_7' title="bbox 140 1152 590 1255; baseline -0.024 -21"><span class='ocrx_word' id='word_1_22' title='bbox 140 1184 219 1234; x_wconf 89' lang='lat' dir='ltr'>rem</span> <span class='ocrx_word' id='word_1_23' title='bbox 239 1181 347 1255; x_wconf 91' lang='lat' dir='ltr'>quem</span> <span class='ocrx_word' id='word_1_24' title='bbox 367 1152 590 1228; x_wconf 89' lang='lat' dir='ltr'>descenden-</span> 
     </span>
     <span class='ocr_line' id='line_1_8' title="bbox 142 1265 591 1368; baseline -0.022 -21"><span class='ocrx_word' id='word_1_25' title='bbox 142 1273 190 1347; x_wconf 87' lang='lat' dir='ltr'>do</span> <span class='ocrx_word' id='word_1_26' title='bbox 223 1270 369 1368; x_wconf 84' lang='lat' dir='ltr'><strong>premit,</strong></span> <span class='ocrx_word' id='word_1_27' title='bbox 395 1265 591 1342; x_wconf 90' lang='lat' dir='ltr'>ascendere</span> 
     </span>
     <span class='ocr_line' id='line_1_9' title="bbox 143 1379 591 1482; baseline -0.02 -24"><span class='ocrx_word' id='word_1_28' title='bbox 143 1385 244 1482; x_wconf 86' lang='lat' dir='ltr'>cogit</span> <span class='ocrx_word' id='word_1_29' title='bbox 270 1383 314 1475; x_wconf 92' lang='lat' dir='ltr'>(si</span> <span class='ocrx_word' id='word_1_30' title='bbox 336 1382 395 1457; x_wconf 84' lang='lat' dir='ltr'>via</span> <span class='ocrx_word' id='word_1_31' title='bbox 419 1379 491 1453; x_wconf 87' lang='lat' dir='ltr'>alia</span> <span class='ocrx_word' id='word_1_32' title='bbox 515 1402 591 1450; x_wconf 93' lang='lat' dir='ltr'>non</span> 
     </span>
     <span class='ocr_line' id='line_1_10' title="bbox 143 1491 593 1593; baseline -0.02 -22"><span class='ocrx_word' id='word_1_33' title='bbox 143 1497 263 1590; x_wconf 87' lang='lat' dir='ltr'>detur)</span> <span class='ocrx_word' id='word_1_34' title='bbox 275 1519 340 1593; x_wconf 91' lang='lat' dir='ltr'>per</span> <span class='ocrx_word' id='word_1_35' title='bbox 360 1516 465 1567; x_wconf 92' lang='lat' dir='ltr'>suum</span> <span class='ocrx_word' id='word_1_36' title='bbox 479 1491 593 1588; x_wconf 92' lang='lat' dir='ltr'>ipsius</span> 
     </span>
     <span class='ocr_line' id='line_1_11' title="bbox 143 1607 592 1706; baseline -0.018 -22"><span class='ocrx_word' id='word_1_37' title='bbox 143 1632 304 1706; x_wconf 88' lang='lat' dir='ltr'>corpus:</span> <span class='ocrx_word' id='word_1_38' title='bbox 347 1607 401 1680; x_wconf 91' lang='lat' dir='ltr'>ita</span> <span class='ocrx_word' id='word_1_39' title='bbox 447 1627 592 1701; x_wconf 91' lang='lat' dir='ltr'>quoque</span> 
     </span>
     <span class='ocr_line' id='line_1_12' title="bbox 143 1717 594 1818; baseline -0.018 -21"><span class='ocrx_word' id='word_1_40' title='bbox 143 1747 265 1797; x_wconf 89' lang='lat' dir='ltr'>aerem</span> <span class='ocrx_word' id='word_1_41' title='bbox 308 1744 415 1818; x_wconf 86' lang='lat' dir='ltr'>quem</span> <span class='ocrx_word' id='word_1_42' title='bbox 459 1717 594 1816; x_wconf 87' lang='lat' dir='ltr'>premit</span> 
     </span>
     <span class='ocr_line' id='line_1_13' title="bbox 144 1832 595 1924; baseline -0.013 -13"><span class='ocrx_word' id='word_1_43' title='bbox 144 1835 387 1924; x_wconf 87' lang='lat' dir='ltr'>ascendendo,</span> <span class='ocrx_word' id='word_1_44' title='bbox 399 1834 429 1907; x_wconf 96' lang='lat' dir='ltr'>si</span> <span class='ocrx_word' id='word_1_45' title='bbox 447 1832 506 1907; x_wconf 89' lang='lat' dir='ltr'>via</span> <span class='ocrx_word' id='word_1_46' title='bbox 522 1832 595 1905; x_wconf 89' lang='lat' dir='ltr'>alia</span> 
     </span>
     <span class='ocr_line' id='line_1_14' title="bbox 144 1949 797 2048; baseline -0.017 -25"><span class='ocrx_word' id='word_1_47' title='bbox 144 1973 218 2023; x_wconf 94' lang='lat' dir='ltr'>non</span> <span class='ocrx_word' id='word_1_48' title='bbox 249 1949 369 2038; x_wconf 89' lang='lat' dir='ltr'>detur,</span> <span class='ocrx_word' id='word_1_49' title='bbox 394 1970 460 2043; x_wconf 89' lang='lat' dir='ltr'>per</span> <span class='ocrx_word' id='word_1_50' title='bbox 487 1968 594 2018; x_wconf 91' lang='lat' dir='ltr'>suum</span> <span class='ocrx_word' id='word_1_51' title='bbox 776 2035 797 2048; x_wconf 68' lang='lat'>‚„</span> 
     </span>
     <span class='ocr_line' id='line_1_15' title="bbox 144 2060 595 2160; baseline -0.013 -23"><span class='ocrx_word' id='word_1_52' title='bbox 144 2064 256 2160; x_wconf 90' lang='lat' dir='ltr'>ipsius</span> <span class='ocrx_word' id='word_1_53' title='bbox 282 2085 414 2159; x_wconf 90' lang='lat' dir='ltr'>corpus</span> <span class='ocrx_word' id='word_1_54' title='bbox 437 2060 595 2134; x_wconf 88' lang='lat' dir='ltr'>transire</span> 
     </span>
     <span class='ocr_line' id='line_1_16' title="bbox 146 2174 593 2274; baseline -0.016 -22"><span class='ocrx_word' id='word_1_55' title='bbox 146 2178 258 2274; x_wconf 87' lang='lat' dir='ltr'><strong>cogit.</strong></span> <span class='ocrx_word' id='word_1_56' title='bbox 277 2175 514 2249; x_wconf 85' lang='lat' dir='ltr'><strong>Manifestum</strong></span> <span class='ocrx_word' id='word_1_57' title='bbox 527 2174 593 2271; x_wconf 94' lang='lat' dir='ltr'>igi·</span> 
     </span>
     <span class='ocr_line' id='line_1_17' title="bbox 145 2287 595 2385; baseline -0.011 -21"><span class='ocrx_word' id='word_1_58' title='bbox 145 2302 207 2363; x_wconf 92' lang='lat' dir='ltr'>tur</span> <span class='ocrx_word' id='word_1_59' title='bbox 219 2287 481 2385; x_wconf 87' lang='lat' dir='ltr'>est(supposita</span> <span class='ocrx_word' id='word_1_60' title='bbox 490 2311 595 2360; x_wconf 91' lang='lat' dir='ltr'>mun·</span> 
     </span>
     <span class='ocr_line' id='line_1_18' title="bbox 146 2401 595 2500; baseline -0.011 -23"><span class='ocrx_word' id='word_1_61' title='bbox 146 2403 185 2477; x_wconf 92' lang='lat' dir='ltr'>di</span> <span class='ocrx_word' id='word_1_62' title='bbox 214 2401 456 2500; x_wconf 86' lang='lat' dir='ltr'>plenitudine)</span> <span class='ocrx_word' id='word_1_63' title='bbox 488 2423 595 2496; x_wconf 86' lang='lat' dir='ltr'>posse</span> 
     </span>
    </p>
   </div>
   <div class='ocr_carea' id='block_1_3' title="bbox 146 2518 1191 4428">
    <p class='ocr_par' dir='ltr' id='par_1_3' title="bbox 146 2518 1184 3407">
     <span class='ocr_line' id='line_1_19' title="bbox 146 2518 1181 2622; baseline 0.005 -28"><span class='ocrx_word' id='word_1_64' title='bbox 146 2546 267 2594; x_wconf 89' lang='lat' dir='ltr'>aerem</span> <span class='ocrx_word' id='word_1_65' title='bbox 281 2530 472 2593; x_wconf 86' lang='lat' dir='ltr'>externum</span> <span class='ocrx_word' id='word_1_66' title='bbox 490 2518 536 2591; x_wconf 94' lang='lat' dir='ltr'>ab</span> <span class='ocrx_word' id='word_1_67' title='bbox 555 2518 635 2613; x_wconf 86' lang='lat' dir='ltr'>ipsa</span> <span class='ocrx_word' id='word_1_68' title='bbox 651 2521 830 2615; x_wconf 82' lang='lat' dir='ltr'>gravitate</span> <span class='ocrx_word' id='word_1_69' title='bbox 848 2525 991 2621; x_wconf 84' lang='lat' dir='ltr'>argenti</span> <span class='ocrx_word' id='word_1_70' title='bbox 1007 2524 1081 2598; x_wconf 89' lang='lat' dir='ltr'>vivi</span> <span class='ocrx_word' id='word_1_71' title='bbox 1098 2524 1181 2622; x_wconf 85' lang='lat' dir='ltr'>cogi</span> 
     </span>
     <span class='ocr_line' id='line_1_20' title="bbox 147 2631 1183 2734; baseline 0.004 -26"><span class='ocrx_word' id='word_1_72' title='bbox 147 2635 185 2708; x_wconf 93' lang='lat' dir='ltr'>in</span> <span class='ocrx_word' id='word_1_73' title='bbox 210 2635 331 2707; x_wconf 90' lang='lat' dir='ltr'>locum</span> <span class='ocrx_word' id='word_1_74' title='bbox 347 2632 450 2704; x_wconf 91' lang='lat' dir='ltr'>illum</span> <span class='ocrx_word' id='word_1_75' title='bbox 463 2631 560 2704; x_wconf 91' lang='lat' dir='ltr'>inter</span> <span class='ocrx_word' id='word_1_76' title='bbox 573 2631 603 2703; x_wconf 86' lang='lat' dir='ltr'>C</span> <span class='ocrx_word' id='word_1_77' title='bbox 617 2643 655 2704; x_wconf 86' lang='lat' dir='ltr'>et</span> <span class='ocrx_word' id='word_1_78' title='bbox 672 2632 717 2705; x_wconf 92' lang='lat' dir='ltr'>D.</span> <span class='ocrx_word' id='word_1_79' title='bbox 770 2635 897 2732; x_wconf 89' lang='lat' dir='ltr'>Itaque</span> <span class='ocrx_word' id='word_1_80' title='bbox 914 2637 1183 2734; x_wconf 90' lang='lat' dir='ltr'>phaenomenon</span> 
     </span>
     <span class='ocr_line' id='line_1_21' title="bbox 146 2744 1183 2827; baseline 0.006 -7"><span class='ocrx_word' id='word_1_81' title='bbox 146 2746 236 2821; x_wconf 91' lang='lat' dir='ltr'>illud</span> <span class='ocrx_word' id='word_1_82' title='bbox 247 2746 501 2819; x_wconf 90' lang='lat' dir='ltr'>necessitatem</span> <span class='ocrx_word' id='word_1_83' title='bbox 513 2744 618 2817; x_wconf 89' lang='lat' dir='ltr'>vacui</span> <span class='ocrx_word' id='word_1_84' title='bbox 631 2769 706 2819; x_wconf 91' lang='lat' dir='ltr'>non</span> <span class='ocrx_word' id='word_1_85' title='bbox 720 2746 959 2826; x_wconf 88' lang='lat' dir='ltr'>demonstrat.</span> <span class='ocrx_word' id='word_1_86' title='bbox 998 2752 1183 2827; x_wconf 77' lang='lat' dir='ltr'>Quoniam</span> 
     </span>
     <span class='ocr_line' id='line_1_22' title="bbox 147 2857 1184 2961; baseline 0.006 -27"><span class='ocrx_word' id='word_1_87' title='bbox 147 2874 271 2935; x_wconf 91' lang='lat' dir='ltr'>autem</span> <span class='ocrx_word' id='word_1_88' title='bbox 288 2881 419 2955; x_wconf 90' lang='lat' dir='ltr'>corpus</span> <span class='ocrx_word' id='word_1_89' title='bbox 443 2857 586 2952; x_wconf 84' lang='lat' dir='ltr'>argenti</span> <span class='ocrx_word' id='word_1_90' title='bbox 602 2857 676 2931; x_wconf 88' lang='lat' dir='ltr'>vivi</span> <span class='ocrx_word' id='word_1_91' title='bbox 697 2863 943 2956; x_wconf 87' lang='lat' dir='ltr'>penetrationi</span> <span class='ocrx_word' id='word_1_92' title='bbox 967 2889 1049 2961; x_wconf 89' lang='lat' dir='ltr'>quae</span> <span class='ocrx_word' id='word_1_93' title='bbox 1070 2865 1113 2939; x_wconf 87' lang='lat' dir='ltr'>fit</span> <span class='ocrx_word' id='word_1_94' title='bbox 1136 2866 1184 2940; x_wconf 89' lang='lat' dir='ltr'>ab</span> 
     </span>
     <span class='ocr_line' id='line_1_23' title="bbox 147 2970 1184 3071; baseline 0.002 -23"><span class='ocrx_word' id='word_1_95' title='bbox 147 2999 231 3048; x_wconf 91' lang='lat' dir='ltr'>aere</span> <span class='ocrx_word' id='word_1_96' title='bbox 248 2971 415 3047; x_wconf 92' lang='lat' dir='ltr'>nonnihil</span> <span class='ocrx_word' id='word_1_97' title='bbox 439 2970 587 3060; x_wconf 88' lang='lat' dir='ltr'>resistit,</span> <span class='ocrx_word' id='word_1_98' title='bbox 606 2981 644 3044; x_wconf 91' lang='lat' dir='ltr'>et</span> <span class='ocrx_word' id='word_1_99' title='bbox 660 2974 865 3048; x_wconf 82' lang='lat' dir='ltr'>ascensioni</span> <span class='ocrx_word' id='word_1_100' title='bbox 886 2976 1031 3071; x_wconf 86' lang='lat' dir='ltr'>argenti</span> <span class='ocrx_word' id='word_1_101' title='bbox 1047 2977 1121 3051; x_wconf 88' lang='lat' dir='ltr'>vivi</span> <span class='ocrx_word' id='word_1_102' title='bbox 1143 2979 1184 3051; x_wconf 93' lang='lat' dir='ltr'>in</span> 
     </span>
     <span class='ocr_line' id='line_1_24' title="bbox 148 3084 1184 3180; baseline 0.003 -20"><span class='ocrx_word' id='word_1_103' title='bbox 148 3112 233 3162; x_wconf 83' lang='lat' dir='ltr'>vase</span> <span class='ocrx_word' id='word_1_104' title='bbox 261 3089 294 3159; x_wconf 83' lang='lat' dir='ltr'>A</span> <span class='ocrx_word' id='word_1_105' title='bbox 321 3084 458 3158; x_wconf 89' lang='lat' dir='ltr'>resistit</span> <span class='ocrx_word' id='word_1_106' title='bbox 484 3108 571 3157; x_wconf 89' lang='lat' dir='ltr'>aer:</span> <span class='ocrx_word' id='word_1_107' title='bbox 598 3085 744 3180; x_wconf 90' lang='lat' dir='ltr'>quando</span> <span class='ocrx_word' id='word_1_108' title='bbox 768 3087 839 3160; x_wconf 80' lang='lat' dir='ltr'>illa</span> <span class='ocrx_word' id='word_1_109' title='bbox 864 3089 946 3161; x_wconf 90' lang='lat' dir='ltr'>duae</span> <span class='ocrx_word' id='word_1_110' title='bbox 969 3089 1184 3163; x_wconf 89' lang='lat' dir='ltr'>resistentiae</span> 
     </span>
     <span class='ocr_line' id='line_1_25' title="bbox 148 3197 1184 3298; baseline 0.001 -25"><span class='ocrx_word' id='word_1_111' title='bbox 148 3200 306 3297; x_wconf 86' lang='lat' dir='ltr'>aequales</span> <span class='ocrx_word' id='word_1_112' title='bbox 324 3209 443 3287; x_wconf 88' lang='lat' dir='ltr'>erunt,</span> <span class='ocrx_word' id='word_1_113' title='bbox 460 3207 550 3271; x_wconf 88' lang='lat' dir='ltr'>tunc</span> <span class='ocrx_word' id='word_1_114' title='bbox 573 3197 611 3270; x_wconf 90' lang='lat' dir='ltr'>in</span> <span class='ocrx_word' id='word_1_115' title='bbox 629 3199 719 3272; x_wconf 92' lang='lat' dir='ltr'>tubo</span> <span class='ocrx_word' id='word_1_116' title='bbox 737 3199 885 3273; x_wconf 86' lang='lat' dir='ltr'>sistetur</span> <span class='ocrx_word' id='word_1_117' title='bbox 902 3200 1036 3273; x_wconf 89' lang='lat' dir='ltr'>alicubi</span> <span class='ocrx_word' id='word_1_118' title='bbox 1053 3225 1184 3298; x_wconf 90' lang='lat' dir='ltr'>argen-</span> 
     </span>
     <span class='ocr_line' id='line_1_26' title="bbox 149 3311 714 3407; baseline -0.007 -20"><span class='ocrx_word' id='word_1_119' title='bbox 149 3326 228 3387; x_wconf 91' lang='lat' dir='ltr'>tum</span> <span class='ocrx_word' id='word_1_120' title='bbox 245 3313 379 3400; x_wconf 85' lang='lat' dir='ltr'>vivum,</span> <span class='ocrx_word' id='word_1_121' title='bbox 397 3324 507 3407; x_wconf 87' lang='lat' dir='ltr'>atque</span> <span class='ocrx_word' id='word_1_122' title='bbox 525 3311 577 3384; x_wconf 94' lang='lat' dir='ltr'>ibi</span> <span class='ocrx_word' id='word_1_123' title='bbox 595 3323 651 3384; x_wconf 93' lang='lat' dir='ltr'>est</span> <span class='ocrx_word' id='word_1_124' title='bbox 669 3312 714 3384; x_wconf 90' lang='lat' dir='ltr'>D.</span> 
     </span>
    </p>

    <p class='ocr_par' dir='ltr' id='par_1_4' title="bbox 150 3423 1188 4179">
     <span class='ocr_line' id='line_1_27' title="bbox 200 3423 1183 3522; baseline -0.001 -23"><span class='ocrx_word' id='word_1_125' title='bbox 200 3425 249 3499; x_wconf 84' lang='grc' dir='ltr'>Α.</span> <span class='ocrx_word' id='word_1_126' title='bbox 276 3425 316 3499; x_wconf 86' lang='lat' dir='ltr'>Si</span> <span class='ocrx_word' id='word_1_127' title='bbox 338 3424 510 3521; x_wconf 89' lang='lat' dir='ltr'>phialam,</span> <span class='ocrx_word' id='word_1_128' title='bbox 528 3423 661 3497; x_wconf 91' lang='lat' dir='ltr'>collum</span> <span class='ocrx_word' id='word_1_129' title='bbox 687 3425 882 3499; x_wconf 88' lang='lat' dir='ltr'>habentem</span> <span class='ocrx_word' id='word_1_130' title='bbox 904 3425 1183 3522; x_wconf 87' lang='lat' dir='ltr'>longiusculum,</span> 
     </span>
     <span class='ocr_line' id='line_1_28' title="bbox 150 3537 1184 3633; baseline -0.002 -22"><span class='ocrx_word' id='word_1_131' title='bbox 150 3537 376 3633; x_wconf 88' lang='lat' dir='ltr'>eandemque</span> <span class='ocrx_word' id='word_1_132' title='bbox 403 3537 503 3610; x_wconf 93' lang='lat' dir='ltr'>omni</span> <span class='ocrx_word' id='word_1_133' title='bbox 533 3559 684 3632; x_wconf 91' lang='lat' dir='ltr'>corpore</span> <span class='ocrx_word' id='word_1_134' title='bbox 711 3548 846 3631; x_wconf 87' lang='lat' dir='ltr'>praeter</span> <span class='ocrx_word' id='word_1_135' title='bbox 875 3561 996 3611; x_wconf 90' lang='lat' dir='ltr'>aerem</span> <span class='ocrx_word' id='word_1_136' title='bbox 1019 3560 1184 3627; x_wconf 88' lang='lat' dir='ltr'>vacuam,</span> 
     </span>
     <span class='ocr_line' id='line_1_29' title="bbox 150 3649 1185 3748; baseline 0.001 -24"><span class='ocrx_word' id='word_1_137' title='bbox 150 3675 213 3724; x_wconf 89' lang='lat' dir='ltr'>ore</span> <span class='ocrx_word' id='word_1_138' title='bbox 237 3674 355 3747; x_wconf 88' lang='lat' dir='ltr'>sugas,</span> <span class='ocrx_word' id='word_1_139' title='bbox 375 3650 621 3746; x_wconf 90' lang='lat' dir='ltr'>continuoque</span> <span class='ocrx_word' id='word_1_140' title='bbox 648 3649 780 3746; x_wconf 86' lang='lat' dir='ltr'>phialae</span> <span class='ocrx_word' id='word_1_141' title='bbox 798 3674 839 3724; x_wconf 93' lang='lat' dir='ltr'>os</span> <span class='ocrx_word' id='word_1_142' title='bbox 856 3675 961 3748; x_wconf 86' lang='lat' dir='ltr'>aquae</span> <span class='ocrx_word' id='word_1_143' title='bbox 977 3652 1185 3747; x_wconf 87' lang='lat' dir='ltr'>immergas,</span> 
     </span>
     <span class='ocr_line' id='line_1_30' title="bbox 150 3762 1186 3861; baseline 0.001 -26"><span class='ocrx_word' id='word_1_144' title='bbox 150 3764 289 3837; x_wconf 87' lang='lat' dir='ltr'>videbis</span> <span class='ocrx_word' id='word_1_145' title='bbox 317 3788 448 3860; x_wconf 91' lang='lat' dir='ltr'>aquam</span> <span class='ocrx_word' id='word_1_146' title='bbox 472 3763 710 3860; x_wconf 83' lang='lat' dir='ltr'>aliquousque</span> <span class='ocrx_word' id='word_1_147' title='bbox 732 3762 928 3836; x_wconf 87' lang='lat' dir='ltr'>ascendere</span> <span class='ocrx_word' id='word_1_148' title='bbox 952 3765 990 3838; x_wconf 94' lang='lat' dir='ltr'>in</span> <span class='ocrx_word' id='word_1_149' title='bbox 1013 3764 1186 3861; x_wconf 90' lang='lat' dir='ltr'>phialam.</span> 
     </span>
     <span class='ocr_line' id='line_1_31' title="bbox 152 3875 1186 3974; baseline -0.002 -21"><span class='ocrx_word' id='word_1_150' title='bbox 152 3878 227 3953; x_wconf 75' lang='lat' dir='ltr'>Qui</span> <span class='ocrx_word' id='word_1_151' title='bbox 255 3878 335 3952; x_wconf 88' lang='lat' dir='ltr'>fieri</span> <span class='ocrx_word' id='word_1_152' title='bbox 364 3878 435 3951; x_wconf 89' lang='lat' dir='ltr'>hoc</span> <span class='ocrx_word' id='word_1_153' title='bbox 463 3888 597 3974; x_wconf 90' lang='lat' dir='ltr'>potest,</span> <span class='ocrx_word' id='word_1_154' title='bbox 624 3877 695 3949; x_wconf 91' lang='lat' dir='ltr'>nisi</span> <span class='ocrx_word' id='word_1_155' title='bbox 724 3875 864 3949; x_wconf 84' lang='lat' dir='ltr'>factum</span> <span class='ocrx_word' id='word_1_156' title='bbox 889 3877 936 3951; x_wconf 91' lang='lat' dir='ltr'>sit</span> <span class='ocrx_word' id='word_1_157' title='bbox 958 3901 1114 3951; x_wconf 88' lang='lat' dir='ltr'>vacuum</span> <span class='ocrx_word' id='word_1_158' title='bbox 1138 3877 1186 3951; x_wconf 90' lang='lat' dir='ltr'>ab</span> 
     </span>
     <span class='ocr_line' id='line_1_32' title="bbox 151 3989 1188 4087; baseline 0 -22"><span class='ocrx_word' id='word_1_159' title='bbox 151 3992 343 4065; x_wconf 84' lang='lat' dir='ltr'>exactione</span> <span class='ocrx_word' id='word_1_160' title='bbox 373 3991 467 4065; x_wconf 88' lang='lat' dir='ltr'>aeris</span> <span class='ocrx_word' id='word_1_161' title='bbox 498 3990 536 4062; x_wconf 93' lang='lat' dir='ltr'>in</span> <span class='ocrx_word' id='word_1_162' title='bbox 567 3990 670 4084; x_wconf 90' lang='lat' dir='ltr'>cujus</span> <span class='ocrx_word' id='word_1_163' title='bbox 700 3989 822 4064; x_wconf 92' lang='lat' dir='ltr'>locum</span> <span class='ocrx_word' id='word_1_164' title='bbox 851 3990 968 4087; x_wconf 91' lang='lat' dir='ltr'>possit</span> <span class='ocrx_word' id='word_1_165' title='bbox 997 4014 1092 4087; x_wconf 93' lang='lat' dir='ltr'>aqna</span> <span class='ocrx_word' id='word_1_166' title='bbox 1125 3990 1188 4065; x_wconf 89' lang='lat' dir='ltr'>illa</span> 
     </span>
     <span class='ocr_line' id='line_1_33' title="bbox 151 4103 374 4179; baseline -0.013 -1"><span class='ocrx_word' id='word_1_167' title='bbox 151 4103 374 4179; x_wconf 80' lang='lat' dir='ltr'>ascendere?</span> 
     </span>
    </p>

    <p class='ocr_par' dir='ltr' id='par_1_5' title="bbox 152 4215 1191 4428">
     <span class='ocr_line' id='line_1_34' title="bbox 204 4215 1191 4313; baseline 0 -23"><span class='ocrx_word' id='word_1_168' title='bbox 204 4219 253 4290; x_wconf 90' lang='lat' dir='ltr'>B.</span> <span class='ocrx_word' id='word_1_169' title='bbox 280 4217 465 4289; x_wconf 90' lang='lat' dir='ltr'>Concesso</span> <span class='ocrx_word' id='word_1_170' title='bbox 482 4237 610 4302; x_wconf 88' lang='lat' dir='ltr'>vacuo,</span> <span class='ocrx_word' id='word_1_171' title='bbox 623 4215 785 4310; x_wconf 89' lang='lat' dir='ltr'>oportuit</span> <span class='ocrx_word' id='word_1_172' title='bbox 796 4216 964 4313; x_wconf 87' lang='lat' dir='ltr'>quaedam</span> <span class='ocrx_word' id='word_1_173' title='bbox 980 4217 1061 4290; x_wconf 91' lang='lat' dir='ltr'>loca</span> <span class='ocrx_word' id='word_1_174' title='bbox 1073 4239 1191 4290; x_wconf 89' lang='lat' dir='ltr'>vacua</span> 
     </span>
     <span class='ocr_line' id='line_1_35' title="bbox 152 4327 1190 4428; baseline 0.003 -24"><span class='ocrx_word' id='word_1_175' title='bbox 152 4328 262 4404; x_wconf 74' lang='lat' dir='ltr'>finisse</span> <span class='ocrx_word' id='word_1_176' title='bbox 280 4329 318 4403; x_wconf 87' lang='lat' dir='ltr'>in</span> <span class='ocrx_word' id='word_1_177' title='bbox 336 4329 398 4403; x_wconf 93' lang='lat' dir='ltr'>illo</span> <span class='ocrx_word' id='word_1_178' title='bbox 416 4351 501 4403; x_wconf 90' lang='lat' dir='ltr'>aere</span> <span class='ocrx_word' id='word_1_179' title='bbox 518 4327 629 4401; x_wconf 87' lang='lat' dir='ltr'>etiam</span> <span class='ocrx_word' id='word_1_180' title='bbox 647 4331 710 4424; x_wconf 92' lang='lat' dir='ltr'>qui</span> <span class='ocrx_word' id='word_1_181' title='bbox 726 4342 806 4405; x_wconf 90' lang='lat' dir='ltr'>erat</span> <span class='ocrx_word' id='word_1_182' title='bbox 822 4331 920 4406; x_wconf 90' lang='lat' dir='ltr'>intra</span> <span class='ocrx_word' id='word_1_183' title='bbox 930 4331 1090 4428; x_wconf 84' lang='lat' dir='ltr'>phialam</span> <span class='ocrx_word' id='word_1_184' title='bbox 1103 4342 1190 4406; x_wconf 85' lang='lat' dir='ltr'>ante</span> 
     </span>
    </p>
   </div>
   <div class='ocr_carea' id='block_1_4' title="bbox 1213 599 1358 706">
    <p class='ocr_par' dir='ltr' id='par_1_6' title="bbox 1213 599 1358 706">
     <span class='ocr_line' id='line_1_36' title="bbox 1219 599 1348 644; baseline -0.031 0"><span class='ocrx_word' id='word_1_185' title='bbox 1219 602 1287 644; x_wconf 76' lang='lat' dir='ltr'>eur.</span> <span class='ocrx_word' id='word_1_186' title='bbox 1303 599 1348 641; x_wconf 89' lang='lat'>111.</span> 
     </span>
     <span class='ocr_line' id='line_1_37' title="bbox 1213 669 1358 706; baseline 0 0"><span class='ocrx_word' id='word_1_187' title='bbox 1213 669 1358 706; x_wconf 49' lang='grc' dir='ltr'>ω-π-ν</span> 
     </span>
    </p>
   </div>
   <div class='ocr_carea' id='block_1_5' title="bbox 0 0 1496 5010">
    <p class='ocr_par' dir='ltr' id='par_1_7' title="bbox 0 0 1496 5010">
     <span class='ocr_line' id='line_1_38' title="bbox 0 0 1496 5010; baseline 0 0"><span class='ocrx_word' id='word_1_188' title='bbox 0 0 1496 5010; x_wconf 95' lang='lat' dir='ltr'> </span> 
     </span>
    </p>
   </div>
  </div>
 </body>
</html>
