2946 5010
475 435 809 489 GEOMETRARUM.
1083 423 1157 489 439

120 624 259 699 pason;
285 610 309 675 6
327 612 367 674 et
384 603 407 673 4
424 601 700 675 consonantiam
718 600 889 698 diapente
904 631 914 685 3
932 609 970 675 et
986 599 1157 696 denique,
1189 631 1258 672 cur.
1272 630 1348 671 xvn.

121 719 146 790 4
163 727 202 789 et
220 723 242 788 3
260 714 538 789 consonantiam
557 713 801 788 diatessaron:
829 715 952 788 vocari
968 714 1062 789 solet
1077 714 1157 788 haec
1186 699 1346 820 ὦ

120 829 309 925 proportio
335 828 584 901 harmonica„”
654 827 765 902 Quod
790 829 821 901 si
844 827 897 901 ita
914 827 973 917 sit,
991 850 1058 901 cur
1082 851 1158 901 non
1184 827 1355 938 ffifflff'·

121 942 234 1015 etiam
251 941 291 1013 in
315 940 373 1014 his
399 941 573 1029 numeris,
590 948 626 1013 6.
642 950 679 1015 3.
695 950 731 1030 2,
750 941 810 1015 vel
826 943 866 1014 in
883 941 953 1029 his,
971 942 1032 1014 42.
1049 949 1105 1015 tt.
1121 943 1159 1030 7,

122 1078 204 1151 quae
221 1053 360 1128 eadunt
376 1054 445 1126 sub
463 1052 618 1126 eandem
635 1053 900 1144 definitionem,
918 1051 1057 1127 eaedem
1073 1062 1161 1127 sunt

121 1165 399 1240 consonantiae?
441 1165 567 1240 Quare
584 1175 708 1238 autem
725 1165 815 1239 iacit
832 1165 965 1240 rati06
983 1165 1031 1240 ad
1049 1174 1086 1256 ³,
1100 1165 1160 1239 vel

120 1288 241 1353 totum
258 1278 447 1375 quodlibet
463 1278 511 1351 ad
529 1302 635 1352 suum
659 1277 864 1368 dimidium,
882 1277 1160 1353 consonantiam

122 1392 310 1490 diapason,
333 1391 488 1465 nescivit
516 1390 673 1465 Cluvius.
738 1391 781 1465 Id
811 1390 910 1465 enim
926 1391 1065 1487 primus
1083 1415 1160 1463 orn-

122 1507 224 1579 nium
251 1505 378 1578 docuit
404 1503 587 1593 Galilaeus‚
605 1517 801 1601 postquam
825 1502 970 1577 Cluvius
995 1515 1162 1577 mortuus

122 1631 230 1691 esset.
282 1617 403 1714 Nugae
420 1640 531 1690 merae
548 1629 635 1690 sunt
651 1616 801 1690 homine
818 1616 1080 1691 mathematico
1103 1617 1162 1689 in-

124 1730 257 1826 dignae.

175 1845 366 1917 Hactenus
384 1843 430 1917 de
448 1842 637 1939 principiis
653 1841 829 1916 Euclidis.
873 1841 1046 1938 Sequitur
1061 1840 1162 1937 priu-

124 1955 261 2051 cipium
271 1954 383 2045 aliud,
397 1956 554 2052 quibus*
565 1966 720 2029 utuntur
729 1954 840 2030 hodie
853 1965 1065 2051 geometrae,
1076 1953 1162 2028 tale.

510 2398 615 2472 CAP.
633 2399 776 2474 XVIII.

128 2573 181 2624 nn
213 2571 368 2624 unnrcn
401 2572 626 2626 nnunnrcn
657 2574 709 2627 nr
741 2574 901 2628 nnrnnn
938 2576 1165 2637 oulnanrr.

128 2703 171 2776 St
187 2703 356 2800 quadrati
371 2703 444 2777 duo
462 2704 578 2779 latera
590 2704 766 2801 angulum
779 2718 922 2780 rectum
940 2708 1168 2783 continentia

130 2815 246 2890 divisa
270 2817 419 2908 fuerint,
434 2831 630 2916 utrumque
643 2821 681 2893 in
695 2819 876 2917 quotlibet
888 2832 1011 2917 partes
1028 2825 1170 2920 magni·

125 2929 254 3004 tudine
284 2941 321 3005 et
349 2955 501 3006 numero
529 2933 700 3030 aequales,
732 2956 980 3031 numerusque
1007 2937 1168 3032 partium

125 3044 233 3116 unius
243 3044 368 3117 lateris
382 3045 644 3143 multiplicatus
658 3047 706 3121 sit
721 3069 788 3144 per
801 3071 996 3122 numerum
1006 3049 1168 3144 partium

126 3154 295 3229 alterius:
321 3156 360 3229 id
383 3169 450 3247 est,
468 3160 499 3231 si
522 3159 595 3233 duo
621 3159 674 3232 illi
699 3159 844 3232 numeri
861 3159 1021 3255 aequales
1045 3160 1168 3233 multi-

127 3267 312 3362 plicentur
322 3269 420 3341 inter
430 3293 485 3342 se:
499 3269 618 3344 factus
630 3271 699 3345 erit
710 3294 884 3344 numerus
891 3269 1167 3367 quadratorum,

128 3402 284 3475 quorum
314 3379 431 3454 latera
456 3393 540 3455 sunt
568 3383 721 3478 singulae
748 3395 872 3479 partes
899 3382 1024 3457 lateris
1054 3385 1168 3459 totius

129 3492 309 3588 quadrati.
377 3493 545 3590 Exempli
573 3496 711 3592 gratia:
737 3496 769 3570 si
798 3495 968 3593 quadrati
996 3496 1093 3571 latus
1120 3498 1169 3573 sit

128 3604 279 3701 longum
297 3614 365 3680 100
375 3607 500 3704 pedes,
514 3608 806 3706 multiplicentur
822 3621 946 3682 autem
969 3617 1038 3684 100
1055 3610 1168 3707 pedes

128 3741 194 3814 per
221 3742 414 3792 numerum
441 3729 522 3807 100,
548 3721 647 3795 unde
674 3722 794 3795 iactus
822 3722 893 3796 erit
924 3723 1045 3798 decies
1069 3724 1168 3798 mille

128 3831 260 3927 pedes:
275 3844 395 3920 erunt,
408 3845 451 3906 ut
463 3833 516 3907 illi
529 3848 731 3925 assumunt,
746 3835 798 3909 illi
812 3834 934 3910 decies
947 3836 1045 3910 mille
1055 3836 1168 3933 pedes

129 3944 285 4017 totidem
309 3945 501 4043 quadrata,
521 3970 677 4042 quorum
699 3949 986 4047 uniuscujusque
1008 3950 1103 4023 latus
1121 3949 1169 4023 sit

129 4082 224 4130 unus
240 4081 328 4153 pes;
355 4069 393 4130 et
417 4058 537 4133 decies
555 4060 654 4134 mille
671 4062 783 4158 pedes
806 4063 1036 4159 longitudine
1062 4064 1169 4137 simul

131 4183 294 4269 sumptos
329 4172 488 4267 aequales
523 4197 599 4247 esse
633 4174 704 4248 toti
740 4175 933 4273 quadrato.
996 4176 1171 4251 Similiter

446 4387 463 4425 *
479 4385 529 4447 Sic
542 4388 611 4447 edit.
631 4391 707 4448 1666
721 4400 750 4449 et
767 4392 851 4449 1668.
