2946 5010
321 420 637 474 uxrunuxrrcn
659 422 903 475 nonrnxun.
1069 404 1137 483 137

99 585 374 681 significandam
402 588 582 660 rationem
611 587 713 684 dupli
742 589 790 661 ad
818 587 999 684 simplum.
1052 589 1138 661 Non
1180 617 1327 658 armosos

99 699 223 794 itaque
240 723 366 771 verum
386 713 454 782 est,
469 701 568 795 quod
586 725 630 772 ea
646 692 764 774 utitur
781 713 958 798 perpetuo
977 702 1015 773 in
1030 725 1139 774 sensu
1179 698 1323 802 „L

97 811 225 884 altero.
273 812 464 901 Praeterea,
479 815 559 886 fieri
576 825 698 909 potest
715 827 757 887 ut
769 815 940 887 Euclides
958 838 1031 888 non
1050 816 1139 888 satis

97 925 175 1021 ipse
198 925 427 1021 perspexerit
450 927 601 998 rationis
628 937 821 1000 naturam:
847 929 921 1001 imo
945 952 1032 1000 vero
1059 929 1139 1001 fieri

97 1037 204 1110 aliter
239 1062 312 1111 non
347 1051 482 1134 potest,
519 1065 603 1113 cum
638 1039 821 1115 definierit
859 1043 1038 1116 rationem
1072 1066 1140 1138 per

98 1157 161 1210 ποιὰ
175 1153 283 1229 σχέσις.

148 1257 277 1353 Capite
290 1256 401 1344 xxxi,
410 1257 474 1330 ubi
488 1268 624 1330 tractat
632 1258 928 1354 Progressionem
940 1258 1140 1332 Geometri-

98 1395 191 1460 cam,
216 1369 382 1465 regulam
409 1370 515 1442 affert
544 1371 765 1466 generalem,
797 1394 870 1467 qua
899 1371 1139 1444 terminorum

98 1485 262 1558 omnium
279 1483 465 1555 invenitur
482 1507 635 1571 summa,
650 1484 822 1556 nimirum
833 1485 928 1556 hanc
944 1483 1048 1557 2-Si
1062 1494 1140 1556 ter-

97 1597 216 1671 minus
235 1596 383 1668 nltimns
395 1621 471 1694 per
488 1621 705 1669 communem
722 1598 904 1669 rationem
920 1597 1140 1696 multiplice-

99 1724 172 1800 tur,
184 1711 263 1784 sive
280 1710 376 1807 qnod
394 1711 605 1783 tantundem
623 1720 692 1799 est,
704 1711 931 1809 progressio
945 1736 1017 1808 per·
1033 1736 1139 1784 nnnm

97 1824 219 1897 odlrnc
238 1824 402 1920 gradum
426 1823 667 1912 continuetur,
687 1834 799 1920 ntqne
826 1824 912 1896 inde
941 1824 1140 1920 nrrferotnr

99 1938 279 2011 terminus
290 1937 450 2033 primns,
468 1945 505 2008 et
522 1937 620 2033 qnod
633 1945 757 2008 restat
766 1959 842 2033 per
859 1961 1043 2008 nnneernm
1060 1936 1140 2008 nni-

97 2060 178 2123 tote
194 2049 369 2122 minorem
383 2073 493 2145 qnam
508 2059 564 2121 est
581 2048 773 2121 communis
791 2048 903 2137 ratio,
923 2048 1139 2131 dioidntnr;

88 2162 262 2261 prodibit
288 2162 576 2260 progressionis
605 2161 942 2235 summm-Quam
972 2161 1139 2257 regulam

98 2276 273 2371 deinceps
292 2275 628 2348 demonstratumm
643 2298 681 2347 sc
705 2299 784 2348 esse
803 2275 902 2348 dicit.
955 2274 999 2347 Id
1015 2286 1139 2347 autem

98 2388 198 2485 quod
227 2387 397 2483 deinceps
424 2387 571 2484 legitur,
591 2389 854 2461 demonstratio
878 2412 952 2461 non
981 2400 1047 2476 est,
1074 2388 1139 2461 sed

97 2502 274 2576 indicatio
301 2501 401 2597 quod
424 2501 478 2574 ita
503 2503 687 2598 contingit
714 2526 793 2575 esse
819 2503 857 2574 in
885 2502 1139 2598 progressione

97 2638 335 2689 numerorum
352 2614 466 2710 ipsius
488 2616 638 2689 arbitrio
657 2628 896 2712 sumptorum.
949 2614 1090 2709 Neque,
1108 2615 1140 2687 si

97 2729 135 2801 in
153 2728 410 2825 progressione
429 2729 527 2799 omni
546 2752 781 2801 numerorum
799 2741 864 2801 tuo
887 2752 1016 2801 meove
1042 2728 1139 2801 arbi-

98 2843 170 2915 trio
194 2854 425 2937 sumptorum
449 2841 546 2913 idem
568 2842 810 2938 contingeret,
836 2865 911 2914 non
934 2853 1059 2914 tamen
1077 2841 1138 2914 de-

97 2956 316 3028 monstratio
339 2966 459 3039 esset;
487 2968 568 3026 tum
591 2956 677 3050 quia
705 2979 816 3028 causa
838 2956 1038 3029 accidentis
1063 2980 1139 3029 non

98 3078 261 3165 apparet,
273 3079 352 3139 tum
366 3068 477 3140 etiam
491 3067 576 3162 quia
589 3067 754 3140 inductio
767 3068 1055 3164 particularium,
1069 3069 1140 3142 nisi

97 3204 252 3254 numero
267 3181 504 3268 infinitorum,
517 3181 681 3275 regulam
694 3205 768 3253 non
782 3182 870 3255 facit
886 3183 1138 3256 universalem.

147 3293 197 3366 B.
224 3293 346 3366 Verba
388 3295 465 3388 ejus
499 3295 592 3382 haec,
627 3294 770 3392 regnloe
801 3295 1141 3368 demonstrationem

98 3406 275 3504 deinceps
309 3431 542 3504 exponemus,
578 3431 652 3479 non
688 3420 855 3503 spectant
890 3409 937 3481 ad
968 3408 1006 3480 id
1041 3407 1141 3503 quod

98 3520 276 3615 sequitur,
307 3519 493 3608 nimirum,
519 3521 554 3592 si
589 3521 626 3592 in
653 3521 920 3619 progressione
949 3521 1139 3616 oeip'mcta,

98 3647 183 3720 etc,
213 3634 279 3706 sed
308 3633 355 3705 ad
390 3633 428 3705 id
457 3633 556 3728 quod
586 3634 743 3705 habetur
773 3634 903 3729 Capite
932 3632 1056 3706 xxxiii.
1093 3631 1142 3704 ad

97 3770 293 3819 numerum
305 3754 367 3835 68,
382 3747 445 3841 qui
463 3747 602 3842 incipit,
616 3746 652 3816 si
669 3746 846 3818 terminus
864 3745 1053 3831 mocimus,
1069 3757 1138 3817 etc.

150 3859 199 3932 A.
226 3860 325 3955 Ergo
352 3884 480 3933 vocem
502 3859 611 3933 ,illam
639 3859 828 3954 deinceps,
856 3859 964 3932 toties
993 3857 1140 3951 ubique,

97 3973 304 4069 praesertim
343 3972 381 4043 in
424 3972 525 4044 libris
568 3971 839 4044 mathematicis
874 3982 1141 4059 occurrentem,

97 4085 250 4157 criticus
267 4085 546 4157 mathematicus
571 4086 702 4158 doctor
725 4082 784 4155 ille
808 4107 883 4155 non
900 4083 1089 4157 intellexit.

149 4197 201 4270 B.
229 4196 397 4270 Fortasse
421 4198 586 4294 regulam
610 4211 734 4271 tamen
755 4220 864 4290 quam
882 4195 942 4269 hic
960 4198 1141 4292 exposuit,

98 4311 174 4386 illic
194 4311 473 4401 demonstrabit.
