2946 5010
463 403 801 456 onounrnnnuu.
1074 389 1146 453 415

111 567 264 642 definire
278 569 535 666 quantitatem,
547 581 584 644 et
596 570 844 666 quantitatum
859 568 1004 642 diversa
1013 592 1151 665 genera

111 684 208 757 inter
235 706 273 756 se
297 684 531 779 distinguere.
584 683 833 778 Interroganti
857 684 954 754 enim
981 692 1151 779 quantum

111 806 180 884 est,
199 797 261 891 qui
289 797 342 870 ita
367 796 564 892 respondet
581 806 624 868 ut
646 796 906 890 interrogantis
924 795 1067 867 animus
1091 818 1152 867 ao-

113 910 278 1006 quiescat
307 910 407 981 ineo
438 908 536 1005 quod
568 908 823 1005 respondetur,
852 931 1000 981 necesse
1028 919 1153 980 estut

114 1020 405 1117 magnitudinem
441 1021 485 1093 de
514 1044 587 1116 qua
617 1021 794 1116 quaeritur
818 1021 877 1093 vel
911 1034 1072 1116 exponat
1106 1019 1154 1092 ad

114 1135 250 1222 oculos,
261 1134 320 1206 vel
337 1132 556 1207 determinet
572 1157 641 1230 per
658 1134 970 1231 comparationem
985 1159 1069 1207 cum
1083 1134 1154 1206 alio

116 1259 255 1344 quanto
273 1269 339 1342 per
352 1269 560 1318 mensnram
575 1245 833 1319 determinato.
885 1246 1040 1319 Animus
1058 1246 1155 1318 enim

116 1361 155 1433 in
172 1359 372 1433 indefinitis
390 1383 463 1431 non
481 1359 701 1455 acquiescet.

168 1472 242 1546 Sed
264 1472 351 1568 quia
384 1495 459 1543 non
488 1471 611 1543 omnia
638 1484 777 1566 quanta
803 1484 1064 1545 mensurantur
1090 1495 1157 1568 per

72 1621 77 1628 ·
123 1586 273 1672 lineam,
291 1608 360 1656 nec
377 1607 443 1680 per
460 1584 699 1678 superficiem,
716 1608 785 1658 neo
802 1609 868 1681 per
885 1585 1055 1673 solidum,
1073 1586 1159 1658 toti-

120 1699 204 1773 dem
222 1709 331 1769 erunt
347 1719 484 1792 genera
495 1720 676 1770 mensurae
687 1709 779 1793 quot
793 1710 879 1770 sunt
892 1722 1029 1793 genera
1043 1722 1159 1793 quan-

119 1822 254 1884 torum.
323 1809 466 1904 Corpus
501 1822 733 1882 mensuratur
768 1822 826 1882 tot
858 1812 1038 1884 mensuris
1070 1822 1161 1907 quot

120 1923 232 1997 habet
258 1921 515 2011 dimensiones,
540 1935 578 1995 et
602 1922 757 2019 proinde
785 1924 856 1996 tria
882 1925 993 1997 habet
1017 1924 1161 1998 diversa

121 2059 258 2133 genera
274 2036 534 2130 quantitatum,
551 2059 683 2131 nempe
700 2035 846 2124 lineam,
864 2039 1105 2134 superficiem,
1124 2050 1161 2110 et

122 2148 364 2222 soliditatem:
390 2172 545 2244 quarum
563 2149 813 2244 quantitatum
830 2150 937 2223 unius
962 2175 1059 2247 pars,
1075 2173 1161 2246 pars

123 2261 274 2336 alterius
292 2284 371 2335 esse
395 2285 469 2335 non
493 2273 626 2357 potest.
677 2262 725 2335 Et
748 2263 787 2336 in
810 2263 1031 2353 universum,
1050 2286 1163 2359 quan·

124 2376 250 2449 titates
266 2374 338 2447 illae
357 2372 490 2447 diversi
507 2376 652 2470 generis
670 2389 766 2466 sunt,
786 2401 939 2473 quarum
956 2401 1041 2474 pars
1055 2377 1163 2448 unius

126 2512 201 2561 non
218 2498 274 2561 est
289 2511 374 2584 pars
391 2487 564 2561 alterius:
590 2491 648 2563 vel
664 2503 708 2563 nt
725 2490 899 2564 definitur
926 2493 971 2565 ab
998 2489 1163 2579 Euclide,

134 2625 287 2698 quarum
315 2624 401 2690 una,
432 2602 664 2698 quantumvis
694 2604 949 2700 multiplicata,
976 2627 1164 2700 nunquam

127 2715 281 2788 alteram
298 2714 495 2811 superabit.

177 2828 301 2901 Lineae
313 2851 401 2923 ergo
413 2851 550 2917 omnes,
562 2828 639 2901 sive
649 2841 761 2904 rectae
772 2832 846 2903 sive
858 2855 991 2920 curvae,
1004 2830 1166 2927 ejusdem

129 2958 216 3018 sunt
228 2946 374 3041 generis
391 2945 630 3041 quantitates:
650 2959 688 3019 et
706 2948 792 3042 quia
809 2971 921 3020 curva
937 2947 1086 3020 extendi
1103 2970 1166 3043 po·

128 3068 213 3145 test,
230 3058 284 3131 ita
301 3069 341 3130 ut
358 3058 435 3144 fiat,
452 3083 527 3131 non
541 3072 684 3132 mutata
697 3060 914 3155 quantitate,
925 3072 1038 3148 recta,
1052 3060 1168 3132 altera

129 3198 256 3247 earum
272 3173 515 3269 multiplicata
531 3176 685 3249 alteram
703 3200 876 3271 superare
893 3189 1026 3272 potest.

179 3286 238 3358 Ab
255 3286 313 3359 his
330 3286 447 3359 tribus
470 3288 665 3382 generibus
687 3287 832 3360 Clarius
856 3288 1018 3360 excludit
1040 3311 1168 3361 nume-

130 3423 224 3488 rum,
243 3408 416 3496 tanquam
434 3422 550 3495 genus
575 3401 620 3473 ab
638 3401 805 3474 omnibus
831 3402 949 3474 tribus
973 3401 1167 3475 diversum.

132 3511 218 3584 Non
235 3523 347 3585 recte.
399 3511 583 3585 Numerus
600 3536 743 3610 semper
760 3524 815 3587 est
832 3514 869 3587 in
888 3514 1018 3587 eodem
1035 3536 1169 3610 genere

135 3625 352 3722 quantitatis
365 3649 450 3697 oum
466 3638 671 3699 numerato.
699 3626 828 3723 Neque
844 3651 978 3723 genere
997 3627 1171 3701 differunt

132 3762 248 3810 unum
274 3749 312 3810 et
340 3737 459 3834 plura.
509 3737 693 3812 Numerus
718 3752 843 3813 autem
868 3752 907 3814 et
930 3741 1048 3837 plura,
1071 3739 1171 3813 idem

133 3863 231 3924 sunt.
283 3850 467 3923 Numerus
493 3851 683 3940 linearum,
710 3863 749 3925 et
774 3852 892 3942 lineae,
914 3853 1052 3926 habent
1073 3852 1170 3925 idem

133 3987 249 4061 genus
277 3962 514 4059 quantitatis:
542 3964 631 4038 item
665 3989 838 4039 numerus
872 3967 1102 4062 angulorum,
1133 3976 1170 4038 et

133 4077 312 4174 angulus:
331 4089 550 4173 temporum,
569 4090 607 4150 et
622 4089 778 4173 tempus,
797 4091 867 4152 etc.
896 4079 1006 4153 Quod
1024 4078 1171 4153 Clarius

133 4191 268 4264 lineam
299 4190 440 4263 finitam
466 4202 504 4263 et
530 4190 665 4265 lineam
690 4192 871 4266 infinitam
901 4193 1064 4290 ejusdem
1092 4215 1170 4266 esse

134 4305 279 4400 generis
295 4316 418 4401 negat,
437 4305 661 4402 superfluum
679 4317 753 4380 est:
779 4319 954 4405 tanquam
971 4308 1002 4382 si
1018 4308 1099 4406 quis
1117 4306 1171 4381 di-

1197 591 1265 632 CAP.
1281 589 1324 628 xi.

1190 655 1333 692 Μηνᾶ

1196 718 1230 766 Da
1241 716 1332 761 ratione.
