2946 5010
524 431 578 482 nc
598 432 768 487 narona
787 434 923 487 annis.
1166 426 1240 493 259

245 593 294 668 B.
322 595 379 669 lta
405 595 571 684 videtum
604 624 673 674 nec
703 601 820 676 habeo
856 603 955 700 quod
985 605 1236 699 respondeam.

195 707 312 804 Pergo
339 708 452 804 igitur
479 711 527 784 ad
554 714 814 810 experimenta
866 717 935 788 Per
962 716 1117 790 eandem
1144 721 1236 794 reci-

193 823 381 916 procantis
408 825 563 897 suctoris
594 850 755 922 operam,
783 828 895 901 etiam
925 828 1109 921 animalia,
1140 833 1171 905 si
1198 836 1236 907 in

192 934 392 1030 recipiente
434 937 713 1028 concludantur,
748 951 936 1036 tamquam
979 957 1113 1018 eructo
1153 967 1236 1020 aere

193 1046 292 1119 intra
314 1047 387 1121 duo
407 1049 463 1122 vel
486 1051 559 1123 tria
581 1051 725 1125 minuta
748 1053 848 1128 horae
872 1055 1097 1129 morientur:
1125 1058 1236 1153 quod,

193 1184 367 1233 concesso
385 1186 513 1251 vacuo,
526 1164 732 1239 mirandum
751 1190 825 1239 non
842 1179 920 1252 est;
947 1181 1096 1265 negato,
1111 1171 1235 1245 nescio

193 1274 379 1368 quomodo
398 1276 543 1350 evenire
560 1288 693 1373 potest.

243 1387 292 1460 A.
320 1388 468 1462 Credin'
489 1405 530 1462 tu
547 1392 720 1465 animalia
736 1392 806 1466 ista
825 1405 902 1466 tam
920 1394 995 1468 cito
1012 1395 1236 1492 interempta

192 1523 283 1587 esse,
301 1524 345 1574 eo
363 1501 463 1597 quod
479 1518 648 1578 carerent
671 1504 781 1578 aere?
834 1506 1029 1581 Quomodo
1054 1532 1143 1603 ergo
1168 1510 1235 1583 sub

191 1637 323 1708 aquam
343 1615 472 1688 vivunt
495 1617 714 1707 urinatores,
733 1642 887 1714 quorum
914 1620 1038 1714 aliqui,
1059 1622 1236 1695 assuetia

190 1728 358 1824 pueritia,
381 1754 531 1804 caruere
554 1755 638 1804 aere
663 1757 730 1829 per
756 1733 884 1806 horam
913 1734 1121 1829 integrum?
1173 1737 1235 1809 ln-

190 1841 292 1914 clusa
308 1841 347 1915 in
365 1843 565 1940 recipiente
583 1846 756 1919 animalia
771 1846 907 1919 occidit
922 1858 1044 1920 motus
1058 1846 1119 1920 ille
1136 1846 1234 1921 idem

189 1955 542 2044 vehementissimus,
560 1983 633 2054 quo
656 1959 919 2033 distenduntur
940 1973 1232 2057 rumpunturque

190 2068 340 2143 inclusae
357 2071 500 2144 vesicae.

240 2182 289 2256 B.
302 2183 1232 2282 Discedoiterumamachina‚etcausamquaeronoti

189 2297 358 2369 omnibus
373 2298 627 2393 experimenti.
654 2298 693 2371 Si
710 2299 791 2395 quis
806 2300 953 2395 phialae,
964 2299 1066 2372 omni
1078 2322 1232 2394 corpore

188 2419 323 2502 praeter
348 2432 470 2483 aerem
500 2434 638 2499 vacuae,
669 2435 709 2484 os
736 2423 905 2507 apertum
934 2410 1040 2483 labiis
1069 2408 1231 2507 undique

187 2531 289 2594 arcte
307 2523 566 2618 complectens,
584 2547 707 2597 aerem
724 2524 825 2597 intus
843 2534 1058 2597 contentum
1075 2535 1231 2597 conetur

187 2656 358 2730 exugere,
372 2635 503 2730 primo,
517 2636 619 2710 labra
632 2636 717 2710 inde
732 2635 926 2709 difficulter
940 2635 1063 2708 revelli
1078 2635 1229 2722 sentiet;

187 2747 332 2837 deinde,
351 2749 381 2821 si
400 2749 532 2844 phialae
550 2750 705 2823 iuversae
723 2772 763 2822 os
787 2749 826 2822 in
850 2772 982 2845 aquam
999 2749 1230 2844 quantulam·

186 2885 331 2958 cunque
349 2862 555 2959 immergat,
569 2863 709 2937 videbit
722 2885 855 2958 aquam
869 2862 908 2934 in
925 2861 1086 2958 phialam
1103 2885 1228 2934 ascen·

187 2973 273 3046 dere
298 2975 407 3047 altius
431 2999 540 3071 quam
570 2989 628 3049 est
658 2977 832 3072 subjectae
866 2999 972 3071 aquae
1006 2975 1228 3071 superficies.

188 3088 324 3161 Quaero
353 3112 418 3161 cur
446 3113 542 3185 aqua
570 3102 702 3162 contra
723 3102 893 3162 naturam
922 3113 1026 3160 suam
1048 3088 1227 3178 ascendit,

186 3212 430 3297 praeterquam
458 3213 500 3275 ut
529 3201 687 3299 spatium
716 3201 878 3297 impleat,
907 3199 1006 3297 quod
1036 3200 1074 3272 in
1104 3200 1228 3295 phiala

185 3311 323 3385 factum
342 3327 432 3403 erat,
451 3314 629 3410 sugendo,
646 3339 801 3388 vacuum
818 3312 830 3385 i

236 3425 285 3499 A.
311 3427 428 3500 Vacui
455 3428 544 3523 fuga
573 3453 684 3501 causa
712 3429 766 3501 rei
794 3451 871 3500 esse
898 3450 971 3499 non
1000 3436 1134 3521 potest.
1186 3424 1226 3497 Si

185 3563 307 3612 aerem
322 3541 518 3630 enutrisset,
531 3557 596 3615 crit
613 3567 676 3615 aer
693 3542 796 3629 alius
811 3540 898 3613 dum
911 3539 1071 3636 phialam
1084 3563 1106 3609 a
1120 3537 1226 3611 labiis

185 3652 233 3724 ad
250 3677 383 3749 aquam
400 3655 674 3745 transserrebat,
693 3656 877 3751 ingressus
894 3665 1013 3736 esset;
1045 3663 1109 3724 aut
1124 3662 1226 3746 post-

186 3788 296 3860 quam
313 3768 572 3857 transtulisset,
591 3793 687 3864 aqua
703 3769 868 3864 ingressa
884 3790 959 3839 non
976 3776 1084 3838 esset.
1123 3764 1226 3836 Faci-

184 3879 254 3951 lius
288 3879 387 3953 enim
416 3880 583 3954 aseendit
612 3905 708 3975 aqua
738 3905 846 3976 quum
873 3902 947 3952 aer.
1001 3876 1101 3953 Quid
1136 3899 1225 3973 ergo

184 3992 306 4065 effecit
340 4005 383 4067 ut
415 4019 511 4089 aqua
544 3994 784 4067 ascenderet?
853 3993 1015 4065 Conatus
1048 3990 1142 4063 aeris
1177 3989 1227 4064 ad

185 4107 323 4179 exitum
341 4131 362 4179 e
379 4107 512 4201 phiala.
547 4107 656 4182 Quod
674 4109 727 4181 sic
744 4106 937 4202 intelliges.
972 4105 1046 4180 uui
1063 4103 1225 4198 phialam

184 4219 296 4314 sugit,
318 4220 410 4292 nihil
436 4221 484 4293 ad
510 4221 700 4316 pulmones
727 4221 891 4309 attrahit,
919 4232 962 4292 ut
986 4217 1127 4291 faciunt
1160 4216 1226 4314 qui

184 4332 379 4428 respirant,
395 4358 512 4431 neque
530 4335 568 4406 iu
586 4334 829 4407 ventriculum
847 4331 1015 4428 deglutit,
1032 4330 1089 4403 uti
1105 4329 1225 4404 infans

1071 4465 1091 4516 s
1109 4477 1124 4523 2
