2946 5010
352 396 427 465 218
569 411 839 465 uxaurusrro
858 411 910 464 nr
929 411 1179 464 suuunarro

164 602 316 646 unrocus
352 575 520 651 versione
537 577 714 674 trianguli
732 577 837 650 FDB
855 601 967 674 super
982 579 1109 652 basem
1127 579 1219 652 FD:
1246 591 1283 653 et
1294 593 1398 653 recta

166 684 312 790 :L

352 724 411 781 γυ,
428 703 575 787 sumpta
591 691 631 763 iu
643 701 746 764 recta
762 715 848 788 quae
863 689 995 764 dividit
1024 715 1153 765 arcum
1182 692 1397 788 quadrantis

352 802 529 901 descripti
547 827 571 876 a
587 803 650 890 γΧ
663 803 846 894 bifariam,
859 803 1040 878 diameter
1056 804 1253 901 aequilibrii
1266 805 1397 896 altera,

352 928 391 989 et
407 950 451 1001 γυ
469 916 631 991 dodrans
657 917 735 991 sive
754 925 774 1004 ff
795 928 907 990 rectae
929 918 1001 1011 Da,
1018 919 1058 991 id
1083 931 1153 1007 est,
1180 917 1302 1015 duplae
1319 919 1394 994 Αν.

353 1027 484 1124 Itaque
496 1041 676 1125 puuctum
692 1029 964 1103 intersectionis
990 1031 1180 1103 ambarum
1199 1065 1245 1116 γν
1272 1042 1312 1105 et
1328 1032 1396 1122 Fa,

351 1140 391 1214 id
416 1155 485 1231 est,
510 1154 689 1239 punctum
719 1144 841 1240 ipsum
857 1178 894 1231 υ,
920 1155 977 1216 est
1004 1154 1173 1216 centrum
1203 1144 1397 1239 gravitatis

352 1253 459 1329 solidi
486 1255 587 1351 quod
614 1256 659 1327 fit
681 1278 705 1327 a
725 1257 967 1330 conversione
997 1257 1174 1353 trianguli
1200 1255 1301 1330 FDB
1330 1280 1398 1353 per

353 1367 598 1465 quadrantem
625 1368 766 1443 circuli.
819 1369 946 1444 Quare
972 1370 1080 1443 solidi
1109 1367 1209 1464 quod
1237 1371 1292 1459 fit,
1321 1382 1396 1445 etc.

353 1480 465 1557 Quod
482 1494 563 1556 erat
579 1481 921 1557 demonstrandum.

405 1593 576 1668 Corraect.
644 1594 821 1667 Centrum
863 1593 1056 1691 gravitatis
1095 1606 1238 1690 quartae
1281 1596 1398 1690 partis

351 1706 508 1805 cylindri
527 1706 701 1803 descripti
726 1731 749 1780 a
766 1707 1007 1781 conversione
1023 1708 1169 1803 integra
1190 1709 1397 1803 rectauguli

351 1819 425 1895 DG
451 1843 562 1918 super
585 1820 682 1894 latus
706 1820 786 1910 FD,
804 1832 863 1893 est
892 1820 931 1893 in
954 1820 1066 1917 plano
1090 1819 1307 1916 quadrantis
1335 1820 1398 1895 de·

351 1933 481 2030 scripti
511 1934 649 2024 attin
684 1933 859 2007 distantia
888 1957 912 2006 a
940 1946 1080 2030 puncto
1101 1947 1128 2023 t,
1156 1934 1258 2030 quod
1280 1947 1338 2007 est
1358 1937 1397 2008 in

351 2046 451 2134 base,
462 2060 569 2121 tanta
584 2059 726 2142 quauta
741 2056 799 2120 est
816 2047 887 2138 Do,
905 2059 944 2121 et
956 2059 1012 2120 est
1029 2047 1067 2119 iu
1085 2061 1189 2121 recta
1205 2071 1287 2143 quae
1305 2047 1398 2120 divi-

352 2159 408 2233 dit
425 2183 553 2233 arcum
580 2159 745 2256 ejusdem
769 2158 985 2256 quadrantis
1007 2158 1187 2232 bifariam.
1238 2161 1286 2232 Et
1313 2182 1398 2233 ceu·

350 2283 451 2347 trum
484 2272 676 2370 gravitatis
703 2272 846 2346 dimidii
874 2273 1032 2369 cylindri
1061 2272 1237 2370 ejusdem,
1267 2283 1325 2346 est
1357 2274 1398 2347 in

349 2399 453 2459 recta
470 2408 553 2481 quae
570 2409 615 2458 ex
633 2385 818 2480 tetigitur
834 2385 945 2482 plano
963 2386 1102 2460 chartae
1119 2386 1398 2483 perpendicula·

351 2498 403 2572 ris
420 2499 460 2572 in
477 2499 655 2572 distantia
668 2495 801 2592 aequali
818 2509 930 2571 rectae
946 2498 1033 2573 ΒΤ.

701 2720 952 2773 PROPOSITIO
971 2721 1045 2772 XX.

401 2835 571 2907 invenire
583 2846 752 2909 centrum
765 2838 958 2933 gravitatis
969 2837 1088 2924 solidi,
1100 2837 1200 2934 quod
1213 2839 1257 2910 fit
1274 2862 1396 2911 acon-

351 2949 516 3022 versione
536 2948 638 3045 plaui
661 2950 872 3046 cycloidalis
902 2949 1012 3023 DBF
1044 2951 1143 3023 circa
1169 2952 1295 3024 basem
1323 2951 1395 3023 DF

350 3086 416 3159 per
429 3062 557 3134 circuli
575 3054 831 3158 quadrantem.

401 3176 576 3249 Sumatur
610 3189 657 3265 εχ
688 3177 839 3272 aequalis
868 3189 980 3249 rectae
1016 3176 1087 3267 Do,
1123 3188 1161 3250 et
1195 3177 1397 3250 collocetur

351 3313 447 3362 unus
465 3291 544 3386 ejus
562 3289 742 3362 terminus
760 3290 917 3363 inrecta
934 3288 1006 3362 DF
1024 3289 1071 3362 ad
1084 3303 1118 3380 ε,
1137 3303 1174 3362 et
1202 3290 1295 3363 alter
1322 3303 1396 3363 ter-

350 3404 472 3476 minus
488 3405 528 3476 in
544 3403 655 3500 plano
672 3403 887 3498 quadrantis
905 3404 1020 3476 erecti
1037 3402 1245 3500 adplenum
1257 3404 1396 3477 chartae

350 3518 389 3591 in
403 3527 450 3607 rt,
467 3519 521 3590 ita
536 3532 579 3590 ut
596 3532 640 3605 εχ
658 3515 772 3590 faciat
800 3543 884 3591 cum
912 3530 1016 3590 recta
1032 3531 1067 3595 tt
1084 3517 1260 3612 angulum
1289 3518 1396 3590 semi-

350 3643 513 3714 rectum;
534 3632 786 3727 jungaturque
803 3666 862 3721 υχ,
881 3643 1100 3726 seceturqua
1121 3640 1169 3718 δε,
1188 3642 1266 3704 tam
1284 3655 1397 3727 supra

351 3769 461 3840 quam
479 3744 586 3832 infra,
599 3743 767 3817 bifariam
786 3769 808 3817 a
825 3761 928 3818 recta
942 3778 997 3833 σσ,
1017 3768 1100 3839 quae
1129 3758 1229 3817 secet
1247 3780 1290 3832 υχ
1305 3747 1342 3816 in
1368 3782 1394 3816 r.

350 3859 442 3932 Dico
456 3869 634 3955 punctum
651 3891 667 3923 r
688 3882 766 3931 esse
780 3871 949 3931 centrum
969 3857 1162 3953 gravitatis
1186 3857 1293 3931 solidi
1310 3881 1396 3953 pro-

349 3971 472 4067 positi.

401 4084 586 4160 Quoniam
603 4082 702 4154 enim
723 4080 881 4155 solidum
903 4081 1134 4178 propositum
1158 4093 1215 4155 est
1238 4081 1285 4155 ad
1309 4082 1395 4154 soli-

350 4195 438 4268 dum
456 4196 682 4292 descriptum
700 4194 829 4267 eodem
851 4207 1019 4291 tempore
1046 4197 1300 4292 arectangulo
1320 4193 1395 4270 DG

349 4321 390 4382 ut
408 4319 430 4382 2
449 4309 496 4383 ad
515 4319 549 4395 3,
570 4313 690 4406 (prop.
710 4309 807 4403 xvi),
825 4321 862 4383 ct
889 4322 1057 4383 centrum
1080 4310 1271 4406 gravitatis
1288 4309 1394 4384 solidi
