2946 5010
125 609 192 652 GAP.
208 613 240 654 11.

107 677 251 712 *se-a

114 735 149 779 De
160 738 250 783 ortibus

113 801 210 848 muium

295 402 368 469 316
570 419 850 474 rnonnuuara
868 419 1059 474 rnvsrcA.

295 580 382 655 dare
395 584 677 681 respondentem
696 587 813 660 motui
827 585 958 660 diurno
975 587 1089 683 ipsius
1103 597 1211 659 terrae
1224 610 1334 683 super

294 708 462 769 centrum
479 700 668 795 proprium
686 699 724 772 in
742 701 852 795 plano
871 699 1061 796 eclipticae.

345 808 394 882 B.
422 810 524 884 Idem
543 812 689 886 videtur
708 813 819 886 etiam
837 813 937 886 mihi.
991 813 1091 889 Quid
1114 813 1211 886 enim
1239 815 1335 886 veri-

293 921 446 997 similius
464 948 541 998 esse
565 937 699 1022 potest,
722 951 831 1022 quam
856 939 899 1000 ut
926 951 1037 1001 causa
1065 940 1188 1000 motus
1211 926 1334 1000 diurni

292 1045 401 1109 terrae
418 1037 466 1110 sit
482 1050 602 1113 motus
619 1039 750 1135 aliquis
767 1040 805 1112 in
824 1040 924 1113 sole?
976 1041 1023 1112 Et
1041 1040 1111 1113 nisi
1127 1040 1334 1113 volveretur

291 1146 379 1222 lona
402 1173 510 1246 super
533 1163 700 1225 centrum
725 1152 925 1248 proprium,
948 1151 1080 1226 faciem
1100 1155 1178 1249 ejus
1195 1153 1333 1247 aspice-

291 1283 412 1335 remus
437 1263 548 1337 modo
572 1289 696 1354 unam,
728 1264 838 1338 modo
867 1265 1044 1338 alteram:
1071 1289 1179 1360 quam
1208 1277 1333 1338 tamen

292 1373 470 1464 videmus,
490 1401 599 1451 unam
617 1402 761 1475 semper
778 1391 816 1451 et
834 1377 1000 1453 eandem.

341 1489 389 1561 A.
417 1491 547 1565 Restat
564 1517 678 1564 unum
695 1492 793 1565 circa
810 1501 920 1564 aestus
945 1491 1104 1564 marinos
1122 1491 1333 1587 phaenome-

290 1625 365 1675 non
394 1605 556 1678 omnium
584 1605 917 1679 mirabilissimam:
949 1628 1093 1701 nempe,
1118 1605 1247 1700 ingens
1270 1604 1332 1676 ille

289 1716 410 1790 fluxus
426 1719 488 1813 qui
505 1718 657 1813 singulis
674 1717 868 1791 noviluniis
886 1729 924 1790 et
942 1717 1151 1813 pleniluniis
1168 1717 1332 1790 cernitur

289 1828 329 1902 in
358 1830 510 1903 domine
542 1832 719 1920 Sabrinae,
750 1841 787 1903 et
817 1830 911 1903 alter
943 1830 982 1902 in
1013 1829 1196 1903 contraria
1225 1843 1331 1925 parte

290 1943 433 2039 Angliae
450 1943 489 2017 in
506 1944 616 2017 litore
639 1943 718 2040 agri
742 1941 1021 2016 Lincolniensis.
1074 1942 1195 2015 Quam
1222 1956 1330 2040 putas

288 2057 397 2152 hujus
414 2056 648 2152 phaenomeni
664 2079 743 2129 esse
761 2079 909 2128 causam
923 2054 936 2127 1

338 2168 386 2243 B.
413 2170 532 2244 Causa
560 2181 716 2243 aestuum
746 2179 958 2241 nostrorum
988 2168 1204 2256 communia,
1235 2168 1331 2241 sicut

288 2296 374 2357 ante
392 2283 480 2373 dixi,
496 2297 552 2356 est
565 2283 700 2379 partim
714 2306 810 2379 aqua
826 2281 900 2370 illa,
912 2305 995 2378 quae
1011 2279 1130 2353 fertur
1146 2304 1212 2376 per
1230 2305 1330 2356 mare

289 2397 515 2470 Atlanticum
533 2420 660 2469 versus
679 2395 976 2492 Septentriones:
1002 2393 1136 2490 partim
1154 2393 1216 2466 illa
1234 2418 1329 2490 quae,

289 2510 445 2583 influens
460 2511 497 2581 in
511 2510 646 2582 fretum
658 2509 779 2581 Anien
794 2519 832 2580 et
848 2519 990 2603 partem
1002 2506 1099 2578 Asiae
1118 2518 1154 2578 et
1171 2506 1330 2601 Europae

291 2623 483 2695 Borealem
510 2622 781 2709 circumfluens
800 2622 919 2695 tendit
946 2643 1070 2692 rursus
1093 2621 1131 2691 in
1150 2622 1328 2693 Austrum

288 2759 354 2831 per
371 2759 472 2807 mare
494 2735 749 2807 Germanicum
771 2746 807 2807 et
828 2734 1082 2819 Hibernicum‚
1109 2745 1146 2805 et
1169 2732 1258 2806 facit
1286 2748 1329 2808 ut

288 2872 385 2942 aqua
402 2849 512 2919 maris
530 2849 567 2919 111
586 2847 656 2919 illis
675 2847 764 2919 locis
783 2848 957 2919 altissime
975 2870 1013 2918 se
1032 2846 1158 2918 elevet.
1204 2851 1328 2945 Atque

288 2961 374 3033 hinc
392 2962 595 3033 necessario
614 2961 760 3049 accidit,
779 2976 820 3032 ut
848 2962 884 3032 in
905 2961 1006 3032 ostiis
1026 2960 1230 3049 fluminum,
1246 2986 1329 3055 qnae

287 3085 326 3145 et
359 3075 480 3169 ampla
514 3086 599 3146 sunt
633 3087 671 3144 et
702 3074 839 3145 directe
872 3074 1113 3144 obvertuntur
1143 3072 1231 3146 locis
1264 3075 1328 3147 ubi

286 3209 391 3281 aquae
402 3188 448 3259 ab
459 3188 530 3259 hoc
544 3211 723 3259 concursu
738 3199 893 3259 aestuum
905 3185 1193 3274 accumulantur,
1207 3187 1328 3261 fluxus

286 3301 424 3395 majore
444 3325 552 3397 quam
576 3302 664 3373 alias
690 3302 830 3396 impetu
855 3301 932 3371 fiat.
986 3299 1095 3370 Sinus
1126 3312 1250 3371 autem
1280 3302 1329 3373 ad

286 3413 420 3485 ostium
450 3415 614 3486 Sabrinae
633 3415 724 3486 mari
742 3412 942 3498 Atlantico,
962 3423 1000 3482 et
1029 3411 1128 3482 sinus
1150 3412 1209 3484 ille
1233 3414 1328 3485 alter

284 3525 322 3596 in
341 3549 430 3621 agro
448 3526 706 3615 Lincolniensi,
729 3527 819 3598 mari
844 3523 1061 3597 Germanico
1087 3525 1327 3599 directissime

285 3638 539 3727 obvertuntur,
571 3640 679 3710 ambo
710 3638 834 3732 magni
859 3637 1068 3708 existentes
1122 3636 1201 3732 Ego
1230 3639 1327 3710 tanti

284 3762 394 3823 aestus
411 3752 473 3846 qui
491 3751 598 3823 aliter
614 3752 693 3822 fieri
711 3763 877 3847 possunt,
900 3775 973 3821 non
992 3749 1169 3844 intelligo.
1224 3750 1326 3823 Quas

284 3876 407 3937 autem
435 3866 586 3936 causas*
615 3866 746 3936 harum
781 3888 901 3935 rerum
933 3863 1139 3958 philosophi
1171 3864 1325 3958 Collegii

285 3976 558 4048 Greshamensis
570 3979 720 4048 causas*
739 3975 900 4047 reddunt
917 3976 1017 4047 hisce
1028 3977 1318 4070 probabiliores?

335 4089 383 4160 Α.
411 4090 465 4161 De
484 4091 601 4161 causis
619 4089 738 4160 adhuc
757 4089 906 4161 omnino
926 4090 1045 4161 silent.
1100 4089 1194 4160 Illud
1218 4102 1324 4161 tuum

604 4311 621 4344 ⁴*
645 4309 693 4369 Sic
707 4311 775 4368 edit.
795 4314 869 4369 1662
885 4321 914 4369 et
932 4314 1016 4369 1668.
