2946 5010
355 397 667 451 mnrnnmnrrcm
687 398 930 451 nournnnm.
1116 387 1157 452 19

121 563 288 638 continui
321 564 361 637 in
390 574 512 661 partes
542 564 712 661 aequales,
745 564 807 638 vix
840 575 963 661 potest
992 564 1158 662 eogitari.
1194 598 1345 640 nnnoous

123 678 219 771 Utut
234 688 360 751 tamen
375 677 446 751 hoo
469 679 529 766 sit,
555 679 626 751 nisi
646 702 818 751 numerus
844 677 1096 752 consideretur
1116 689 1160 753 ut
1197 679 1339 784 ,ζό

122 791 175 864 sio
193 801 308 879 ortus,
335 791 490 865 seientia
514 791 745 864 arithmetica
770 791 847 864 fere
876 791 998 888 periit.
1063 791 1161 867 Nam

122 928 168 977 ex
210 903 399 978 additione
441 906 625 978 unitatum
667 905 896 978 theoremata
930 905 1163 979 arithmetica

122 1017 229 1091 valde
246 1040 375 1113 panea,
393 1040 439 1091 ex
461 1016 639 1091 divisione
665 1017 830 1091 continui
859 1016 983 1092 omnia
1008 1029 1163 1114 possunt

123 1129 377 1203 demonstrari.
421 1129 565 1203 Deinde
592 1130 725 1221 oratio,
753 1154 820 1204 eur
848 1131 1008 1228 ponitur,
1031 1132 1161 1228 primo,

122 1243 221 1316 inter
238 1241 491 1339 quantitates?
531 1243 591 1316 An
609 1243 696 1338 quia
718 1244 836 1316 oratio
858 1268 934 1318 una
963 1267 1074 1341 quam
1090 1245 1164 1318 alia

123 1355 267 1452 longior
279 1379 357 1429 esse
371 1355 519 1452 potest?
556 1355 679 1431 Quare
692 1380 781 1453 ergo
792 1380 866 1429 non
876 1357 999 1454 potius
1012 1358 1163 1454 ponitur

122 1470 221 1543 inter
237 1468 461 1565 quantitates
477 1492 594 1565 genus
612 1471 701 1566 ejus,
719 1493 852 1566 nempe
875 1469 1011 1545 sonus?
1065 1471 1163 1546 Nam

124 1595 163 1657 et
182 1606 357 1657 sonorum
380 1582 472 1656 alius
495 1593 552 1656 est
577 1581 732 1680 longior,
764 1584 855 1657 alius
885 1584 1044 1658 brevior.
1088 1583 1163 1656 Cur

124 1720 201 1770 non
217 1708 304 1769 sunt
320 1696 433 1769 etiam
453 1695 618 1786 latratus,
644 1695 799 1785 ruditus,
825 1697 998 1794 mugitus
1016 1697 1163 1793 quanti-

124 1821 233 1899 tates,
251 1821 289 1883 et
306 1809 454 1906 quidem
473 1809 670 1883 discretaei
715 1810 856 1883 Deinde
873 1835 939 1883 our
966 1823 1022 1884 est
1043 1812 1162 1884 oratio

126 1922 294 1996 discreta
311 1922 507 2019 quantitas.
550 1925 611 1996 An
628 1924 714 2019 quia
730 1922 932 1997 dividitur?
977 1924 1017 1996 Si
1033 1923 1086 1997 ita
1102 1925 1163 2013 sit,

128 2034 257 2130 quidni
273 2058 386 2108 sonus
405 2035 504 2108 tubae
521 2034 665 2108 dicetur
683 2036 867 2131 quantitas
886 2035 1086 2108 continua?

178 2147 227 2222 B.
254 2147 470 2222 Orationem
488 2171 566 2221 esse
589 2149 844 2245 quantitatem,
861 2156 899 2220 et
922 2146 1070 2241 quidem
1088 2148 1166 2221 dia-

125 2268 276 2350 cretam,
294 2260 386 2334 dicit
402 2259 631 2334 Aristoteles.

176 2373 226 2446 Α.
252 2373 384 2447 Credo.
410 2374 460 2447 At
477 2397 552 2447 non
570 2397 670 2447 nunc
687 2374 883 2470 quaerimus
900 2373 990 2470 quid
1002 2374 1050 2447 sit
1063 2375 1165 2448 Aris-

125 2486 328 2577 totelicum,
346 2486 410 2561 sed
433 2487 521 2583 quid
544 2488 593 2560 sit
616 2501 648 2560 rt
667 2486 1000 2586 lapidea-Tempus
1023 2496 1166 2562 tractat

125 2600 571 2674 astronomia.—Traotat
593 2598 754 2696 quidem,
777 2600 842 2673 sed
866 2624 914 2673 an
936 2610 979 2674 ut
996 2601 1164 2698 tempus?

126 2710 441 2808 Proprietatemne
458 2713 637 2811 temporis
653 2713 765 2787 ullam
780 2713 1034 2788 demonstrant
1047 2728 1166 2788 astro-

125 2823 253 2897 nomi?
314 2825 368 2900 Ut
392 2826 632 2923 loquerentur
659 2825 705 2899 de
731 2834 891 2924 tempore
919 2829 1166 2901 necessarium

126 2947 206 3011 erat
222 2950 372 3035 propter
384 2949 528 3012 motum.
557 2940 717 3028 Annum,
731 2962 906 3030 mensem,
920 2939 1029 3029 diem,
1043 2940 1165 3031 horas,

126 3065 165 3126 et
181 3053 355 3126 horarum
371 3054 514 3126 minuta
530 3053 659 3149 prima,
683 3052 854 3141 secunda,
873 3063 956 3142 eto,
984 3052 1166 3126 definiunt

126 3167 340 3256 astronomi,
357 3190 432 3238 non
450 3165 498 3240 ad
512 3165 687 3263 temporis
700 3167 954 3262 proprietateS,
966 3164 1030 3238 sed
1043 3177 1165 3262 partes

127 3279 400 3375 cognoscendas
423 3302 505 3375 quae
529 3290 632 3352 motu
657 3303 852 3375 corporum
870 3278 1073 3352 coelestium
1091 3278 1166 3351 dis-

127 3391 506 3489 tinguuntur.-Item
522 3391 1075 3491 chrormlogia.-Chronologia
1091 3392 1166 3465 his-

127 3507 233 3580 torioe
250 3507 410 3603 quidem,
430 3505 495 3578 sed
518 3529 593 3579 non
616 3505 790 3593 soientiae,
815 3530 899 3603 pars
926 3503 1166 3578 est-Locus

127 3629 251 3693 autem
278 3618 317 3691 in
337 3617 597 3706 sterimnetriu,
624 3627 797 3714 qnantum
819 3618 874 3692 ad
899 3619 979 3714 ejus
1014 3616 1166 3715 capaci-

127 3730 416 3807 tatem—Quid
451 3754 574 3827 quaeso
609 3730 762 3804 interest
799 3731 897 3804 inter
939 3729 1011 3802 loci
1052 3754 1163 3828 eupa-

127 3845 289 3933 citatem,
308 3852 344 3915 et
360 3840 434 3915 loct
451 3841 774 3940 magnitudinem?

176 3954 225 4031 B.
252 3957 364 4030 Plane
380 3955 517 4028 nescio.

175 4070 227 4143 A.
255 4069 328 4143 Sed
345 4068 551 4157 verebatur,
572 4078 675 4164 puto,
688 4090 736 4140 ne
759 4067 789 4140 si
807 4066 959 4139 dixisset
982 4067 1167 4164 magnitu-

128 4185 265 4274 dinem,
279 4182 392 4256 etiam
409 4180 525 4255 meum
537 4180 585 4253 ad
599 4180 843 4277 quantitatem
857 4179 1003 4275 proprie
1017 4179 1167 4269 dictam,

128 4323 238 4397 quem
260 4307 348 4371 ante
373 4294 459 4368 inde
486 4292 688 4389 expulerat,
707 4292 892 4367 videretur
917 4290 1168 4365 reduxisse.-

997 4428 1052 4477 02
