2946 5010
316 412 392 481 333
542 424 599 481 ua
615 426 921 481 uraumrunrns
939 426 1124 481 cracuur.

138 616 223 661 mr.
236 618 270 661 o.
315 592 420 669 tione
435 596 460 669 3
476 592 524 669 ad
546 602 560 669 l
583 596 773 671 continua.
813 596 997 671 Centroc
1013 594 1117 669 radio
1131 593 1206 666 CM
1225 593 1358 667 deseri·

129 686 276 725 ‘'⁸“
316 706 428 783 uam
442 732 551 783 neus
565 708 781 807 quadrantis
799 710 879 784 uu
894 744 906 795 2
923 709 1013 784 rtem
1024 708 1130 784 muro
1143 708 1206 782 ns
1223 708 1359 783 aecu-

315 819 427 896 batur
441 844 550 897 arens
560 822 778 922 quadrantis
791 824 862 916 ST,
878 834 918 899 et
932 824 1038 899 radio
1052 822 1112 897 SC
1129 822 1360 898 describatur

316 956 426 1009 arens
441 934 659 1034 quadrantis
675 936 751 1013 ΟΖ.

367 1046 554 1125 Quoniam
575 1072 666 1147 ergo
687 1048 856 1147 potentia
878 1048 947 1124 Dc
967 1048 1081 1144 tripla
1101 1058 1158 1122 est
1183 1048 1359 1147 potentiae

316 1158 404 1251 ΟΜ,
420 1160 494 1235 erit
515 1162 686 1257 potentia
700 1184 810 1237 araus
832 1160 896 1235 ST
915 1160 1028 1259 tripla
1052 1163 1231 1258 potentias
1252 1185 1360 1235 arens

317 1272 400 1359 ΟΖ,
424 1283 464 1348 et
478 1296 588 1349 arens
604 1274 672 1348 BD
688 1274 840 1373 aequalis
856 1275 1015 1349 arcubus
1031 1273 1210 1349 ambobus
1236 1274 1295 1348 ST
1320 1290 1361 1350 et

317 1384 390 1462 CB.
439 1388 507 1461 list
533 1398 660 1463 autern
686 1388 854 1487 potentia
876 1386 992 1462 totius
1016 1410 1126 1462 arens
1155 1388 1222 1462 BD
1250 1388 1361 1485 tripla

316 1500 494 1595 potentiue
509 1522 618 1575 meus
632 1500 712 1575 MN
724 1531 735 1585 ι
752 1510 791 1575 et
806 1523 830 1574 ιι
841 1510 923 1575 tota
935 1500 1008 1575 BM
1021 1512 1064 1575 ut
1075 1500 1359 1590 semidiametro,

316 1610 523 1710 descriptus
539 1638 648 1689 arens
665 1612 881 1712 quadrantis
897 1612 983 1687 Mar
999 1614 1150 1711 aequalia
1172 1615 1244 1689 erit
1268 1615 1360 1689 utri-

316 1748 389 1823 que
405 1726 515 1801 simul
538 1728 642 1803 ueni
665 1727 745 1817 BD,
762 1724 856 1801 ΜΝ.
905 1726 975 1801 Est
995 1750 1085 1825 ergo
1100 1740 1145 1803 ut
1162 1728 1225 1802 ΒΟ
1243 1728 1362 1821 (reeta

316 1839 522 1937 composita
536 1864 584 1915 ex
600 1840 659 1915 Be
674 1850 713 1915 et
728 1840 798 1929 sc,
811 1860 967 1936 quarum
983 1840 1163 1936 potentiae
1178 1853 1267 1915 suut
1279 1853 1321 1914 ut
1336 1851 1360 1915 3

316 1952 366 2029 ad
386 1954 423 2049 1)
442 1952 492 2029 ad
513 1974 642 2027 areum
659 1952 726 2028 BD
751 1952 1014 2049 (oompositum
1039 1977 1084 2027 ex
1107 1955 1264 2028 arcubus
1290 1954 1360 2041 ST,

316 2064 392 2155 ΟΖ,
408 2088 567 2164 quorum
581 2066 760 2163 potentiae
776 2076 863 2140 sunt
875 2080 919 2140 ut
932 2075 956 2139 3
968 2064 1018 2140 ad
1040 2068 1090 2159 1),
1103 2067 1157 2139 ita
1172 2090 1280 2140 arcus
1295 2068 1360 2141 BD

316 2179 366 2256 ad
398 2202 527 2255 meum
555 2178 639 2253 Mar
668 2177 929 2276 (oompositum
963 2201 1008 2252 ex
1037 2179 1195 2252 arcubus
1227 2179 1292 2253 BD
1322 2194 1361 2253 et

317 2292 412 2383 ΜΝ,
422 2316 581 2390 quorum
596 2292 775 2391 maenadas
790 2290 880 2366 item
897 2303 985 2366 sunt
1001 2303 1043 2366 ut
1060 2300 1085 2365 3
1104 2291 1153 2366 ad
1177 2294 1219 2385 Ι).
1265 2292 1362 2371 Sunt

317 2431 407 2506 ergo
423 2418 528 2483 reeta
546 2405 620 2497 ΒΟ,
637 2428 745 2481 arens
769 2404 849 2493 BD,
870 2417 911 2479 et
937 2426 1047 2479 arens
1075 2403 1160 2479 Mor
1186 2405 1361 2479 continue

320 2521 628 2619 proportionales.

369 2634 443 2709 Sed
460 2644 562 2706 reeta
579 2632 642 2705 BC
662 2644 718 2705 est
733 2630 1004 2705 semidiameter
1020 2630 1161 2718 circuli,
1176 2632 1279 2726 cujus
1296 2655 1360 2726 pe-

318 2747 459 2820 rimetri
485 2768 593 2819 arcus
623 2745 689 2818 BD
716 2758 774 2818 est
799 2768 886 2842 pars
911 2757 1054 2841 quarta.
1107 2744 1232 2819 Quare
1259 2756 1361 2817 recta

317 2882 400 2955 quae
420 2870 477 2931 est
503 2857 654 2954 aequalis
676 2858 779 2930 arcui
803 2857 880 2943 BD,
898 2859 969 2930 erit
993 2856 1263 2930 semidiameter
1289 2858 1360 2930 cir-

317 2971 391 3044 culi
408 2971 513 3067 eujus
525 2969 714 3067 perimetri
731 2992 838 3043 arcus
853 2970 935 3043 Mra
952 2982 1109 3065 estpars
1126 2980 1266 3065 quarta.
1294 2970 1362 3043 Est

318 3109 407 3183 ergo
426 3085 499 3158 BM
518 3083 668 3180 aequalis
686 3083 789 3158 areni
811 3083 888 3157 BD.

370 3196 509 3272 Cbroll.
562 3197 736 3293 Sequitur
757 3196 844 3269 binc
869 3207 1006 3268 rectam
1033 3220 1115 3291 quae
1136 3195 1285 3292 aequnlis
1303 3207 1359 3268 est

318 3313 419 3386 moui
437 3312 508 3400 OZ,
522 3311 667 3386 rudium
683 3334 763 3383 esse
781 3308 909 3383 circuli
928 3308 1101 3404 descripti
1119 3333 1141 3380 a
1158 3309 1243 3397 ΟΜ,
1261 3308 1360 3380 ideo-

316 3450 388 3523 que
405 3449 531 3499 arcum
549 3425 611 3497 CZ
628 3424 807 3521 aequalem
833 3445 911 3495 esse
928 3435 1040 3496 rectae
1064 3422 1149 3509 CM,
1169 3438 1207 3497 et
1233 3446 1360 3496 arcum

318 3540 376 3614 ST
393 3539 571 3636 aequalem
590 3562 668 3611 esse
687 3550 799 3611 rectae
818 3535 892 3609 BC.

668 3747 918 3801 PROPOSITIO
944 3748 1008 3798 111.

368 3881 484 3953 Recta
502 3878 561 3953 ΡΟ
577 3878 689 3975 dupla
705 3887 761 3951 est
778 3875 996 3949 differentiae
1021 3875 1118 3949 inter
1145 3876 1362 3971 semidiago·

317 3994 438 4068 nalem
456 4004 493 4066 et
511 3990 758 4078 semiradium,
772 3989 974 4085 eademque
992 3988 1113 4062 medin
1127 3990 1360 4086 proportion-

317 4108 385 4181 alis
401 4107 498 4181 inter
516 4105 587 4179 ΟΜ
606 4119 644 4178 et
661 4103 775 4200 ipsius
792 4101 991 4175 semissem.

368 4218 580 4315 Diagonnlis
598 4217 695 4290 enim
714 4215 779 4289 AC
796 4214 928 4288 dividit
951 4237 1077 4286 arcum
1103 4214 1168 4286 BD
1188 4213 1360 4286 bifariam

318 4332 357 4405 in
375 4332 414 4405 Ρ.
466 4332 632 4405 Ducatur
657 4328 722 4404 ΟΡ
749 4329 850 4402 sinus
877 4338 1000 4401 rectus
1027 4350 1134 4400 arcus
1163 4328 1235 4415 BP,
1254 4350 1356 4399 com-
