2946 5010
350 438 669 495 maunnmnmcn
690 443 934 496 nontamen.
1097 428 1165 496 125

122 609 349 706 quantitates
374 605 436 683 eas
462 633 540 682 esse
571 633 727 706 quarum
751 632 933 683 mensurae
963 630 1165 704 congruere
1201 634 1353 677 annosus

122 733 287 819 possunt.
1202 717 1348 824 L

173 834 223 908 A.
252 834 326 907 Sed
343 858 511 930 quaenam
535 859 707 909 mensura
724 849 781 910 est
806 858 879 931 qua
905 844 1166 931 computantur

121 949 220 1021 inter
253 971 292 1021 se
323 945 406 1020 duae
448 947 636 1021 rationes?
705 948 774 1022 Per
809 949 945 1021 lineam
987 947 1167 1020 minorem

123 1061 297 1133 metimur
322 1061 523 1155 majorem;
555 1071 592 1134 et
620 1084 687 1156 per
716 1062 946 1157 superficiem
974 1061 1166 1149 minorem,

122 1175 300 1270 majorem
313 1173 565 1269 superficiem
591 1173 777 1264 nimirum,
791 1198 903 1247 unam
920 1174 1029 1248 alteri
1041 1197 1168 1269 super-

122 1285 308 1383 ponendo.
361 1284 434 1359 Sed
451 1309 499 1358 an
525 1298 563 1359 et
580 1287 761 1359 rationem
787 1288 964 1383 majorem
991 1310 1168 1383 superpo·

122 1398 247 1472 nendo
264 1397 447 1487 metimur,
466 1397 525 1470 vel
541 1399 636 1471 ratio
654 1399 789 1472 rationi
803 1400 1001 1496 superponi
1018 1403 1165 1496 potest?

172 1509 220 1582 B.
248 1511 413 1583 Minime.
459 1509 532 1582 Sed
549 1523 704 1607 possunt
721 1511 946 1608 quantitates
965 1514 1064 1609 ipsae,
1079 1537 1168 1611 qua·

122 1647 205 1698 rum
235 1624 332 1698 ratio
362 1623 553 1718 quaeritur,
584 1648 658 1697 una
687 1648 798 1721 supra
831 1625 940 1698 aliam
973 1626 1089 1722 poni;
1129 1640 1168 1701 et

123 1738 285 1811 rationes
318 1736 407 1834 ipsae
435 1737 488 1810 sio
521 1739 749 1835 comparari;
790 1750 833 1811 ut
861 1738 950 1812 feeit
987 1740 1168 1829 Hobbius,

123 1851 213 1947 Cap.
230 1851 306 1924 xiii.
325 1850 405 1923 Art.
424 1858 461 1939 6,
479 1850 564 1924 libri
583 1872 637 1924 nn
657 1872 862 1940 conpone,
885 1852 924 1924 in
947 1876 1020 1947 quo
1048 1854 1167 1949 eapite

121 1963 351 2038 theoremata
392 1963 573 2036 Elementi
607 1965 727 2060 quinti
761 1964 924 2037 Euclidis
958 1965 1092 2054 omnia,
1127 1979 1167 2040 et

122 2076 302 2150 nonnulla
317 2075 389 2148 alia
405 2099 480 2149 non
506 2075 626 2149 minus
644 2075 811 2173 pulchra,
836 2077 997 2150 breviter
1022 2089 1059 2151 et
1084 2102 1168 2175 per·

123 2190 250 2287 spicue
268 2187 545 2262 demonstravit.

173 2302 223 2375 A.
252 2300 292 2375 Si
319 2302 366 2374 ab
396 2300 466 2375 illis
497 2325 577 2397 quae
607 2301 659 2375 ibi
687 2300 788 2376 dieta
817 2313 905 2374 sunt
934 2324 1037 2375 suam
1070 2302 1167 2376 hanc

123 2415 310 2489 rationum
342 2415 677 2511 homogeneitatem
708 2414 900 2503 derivavit,
928 2427 1028 2488 recte
1055 2414 1166 2500 fecit3

123 2527 164 2601 id
179 2526 334 2600 nescivit
353 2539 490 2599 tamen.
540 2526 734 2617 Praeterea,
752 2526 852 2622 quod
870 2526 960 2600 dicit
975 2527 1110 2600 lineam
1128 2539 1167 2600 et

122 2639 268 2737 pondus
286 2639 533 2734 heterogenea
548 2662 639 2728 esse,
658 2662 785 2712 verum
803 2651 879 2724 est;
902 2650 1025 2736 potest
1041 2653 1166 2713 tamen

123 2776 203 2827 esse
223 2762 266 2826 ut
290 2775 417 2824 eorum
445 2751 667 2847 quantitates
695 2751 769 2825 sint
793 2752 1053 2847 homogeneae;
1080 2778 1167 2826 nam

123 2875 166 2938 ut
181 2865 291 2937 lineae
308 2863 356 2938 ad
373 2864 508 2936 lineam
525 2863 620 2936 ratio
634 2863 672 2936 in
687 2862 828 2937 duabus
842 2863 948 2938 lineis
961 2866 1165 2957 exhibetur,

123 2977 178 3050 sie
196 2977 309 3049 etiam
326 2976 478 3049 eorum*
497 2974 704 3071 ponderum
720 2976 815 3050 ratio
839 2977 878 3049 in
904 2977 1045 3052 duabus
1061 2979 1167 3053 lineis

123 3089 289 3164 exhiberi
306 3099 441 3185 potest.
495 3088 546 3161 Ut
565 3088 663 3160 enim
687 3089 802 3162 cubus
830 3088 878 3162 ad
905 3092 1039 3164 cubum
1070 3095 1167 3188 ejus·

124 3203 208 3276 dem
234 3201 397 3275 materiae
421 3200 584 3296 duplum,
612 3200 664 3273 ita
691 3216 747 3274 est
777 3201 922 3297 pondus
949 3203 996 3276 ad
1023 3205 1167 3301 pondus

123 3315 278 3412 duplum
293 3345 302 3399 ;
329 3327 367 3388 et
384 3327 427 3388 nt
443 3314 624 3387 utrumvis
641 3313 689 3386 ad
707 3337 813 3387 sunm
827 3314 991 3411 duplum,
1007 3316 1058 3389 ita
1070 3318 1168 3391 linea

124 3429 173 3503 ad
190 3429 324 3502 lineam
341 3426 502 3524 duplam.
539 3426 620 3500 Erit
637 3451 724 3523 ergo
737 3439 781 3499 ut
797 3429 983 3524 quantitas
996 3429 1168 3525 ponderis

124 3542 173 3616 ad
186 3540 455 3638 longitudinem
473 3539 582 3612 lineae
599 3564 681 3635 quae
702 3540 823 3636 ipsum
841 3553 1088 3636 repraesentat,
1115 3543 1169 3617 ita

125 3655 313 3751 quantitas
347 3652 521 3750 ponderis
556 3652 658 3748 dupli
689 3653 737 3726 ad
765 3653 1033 3751 longitudinem
1062 3656 1168 3729 lineae

125 3767 248 3864 duploe
264 3768 383 3864 ipsum
396 3767 706 3863 repraesentantis.
746 3766 819 3839 Sed
838 3768 1064 3864 pergo-Si
1078 3793 1169 3841 coru

117 3891 296 3980 paretur,
313 3880 445 3977 inquit,
464 3880 592 3977 quoad
611 3879 791 3953 rationem
809 3880 1115 3977 quudripondium
1132 3892 1169 3955 et

123 3993 348 4092 dipondium,
360 3994 461 4066 ratio
478 4002 535 4066 est
551 3992 696 4089 dupla;
720 3992 755 4063 ai
768 3989 866 4064 liaeo
878 3981 1169 4091 quadrupedalia

124 4106 181 4180 ad
200 4105 393 4204 pedalem,
418 4106 519 4179 ratio
542 4115 600 4178 eat
628 4103 839 4202 quadrupla
850 4131 865 4187 ;
891 4130 974 4203 quoe
1001 4108 1168 4180 rationes

123 4219 179 4293 ad
201 4219 355 4292 invicem
376 4219 589 4317 comparari
609 4227 779 4316 possunt,
802 4241 943 4316 nempe,
963 4219 1042 4293 lroec
1065 4220 1168 4294 illius

245 4406 263 4443 ⁸
287 4404 338 4466 sie
351 4405 429 4466 Edit.
448 4409 533 4466 1668.
577 4403 682 4478 Quare
697 4406 848 4465 “duorum
861 4407 1048 4483 ponderum.”
