2946 5010
306 388 380 457 212
523 404 795 460 nxanruarro
815 406 868 459 ar
886 404 1135 459 nnannarro

116 592 269 635 numum
304 583 364 646 est
379 571 543 670 aequalis,
560 572 592 647 si
608 587 802 648 sumantur
818 574 857 647 in
874 585 1032 670 unoque
1049 571 1188 647 eaedem
1211 585 1349 669 partes,

119 673 263 776 „IL
305 706 389 781 quae
404 697 508 758 recta
533 686 674 760 chorda
698 700 757 761 est
773 711 881 761 arcum
897 688 1035 784 sumpti
1051 687 1091 759 iu
1104 687 1348 774 semicirculo,

304 796 433 871 eadem
450 811 554 872 recta
569 799 640 873 erit
656 800 758 873 sinus
774 813 898 874 rectus
913 824 1021 874 arcus
1037 798 1185 894 analogi
1201 799 1240 871 in
1258 822 1349 896 qua-

304 908 448 985 drante.
484 911 614 1008 ltaque
630 912 663 986 si
676 912 950 988 ducaturrecta
960 911 1349 1009 parallelaetaequalis

304 1036 417 1098 rectae
434 1022 520 1113 DB,
536 1027 736 1099 terminata
761 1026 801 1098 in
820 1025 890 1099 DF
906 1038 945 1097 et
963 1022 1045 1110 BG,
1066 1048 1195 1098 secans
1211 1025 1349 1121 cycloi-

304 1135 390 1211 dem
407 1137 446 1210 in
464 1146 495 1225 l,
508 1151 616 1234 parts
631 1139 850 1213 duodecima
865 1162 973 1211 arcus
990 1136 1111 1227 BCD,
1122 1140 1192 1212 erit
1209 1140 1350 1213 chorda

305 1248 361 1325 Bl
392 1251 544 1349 aequalis
575 1252 673 1326 sinui
705 1262 809 1326 recto
833 1252 951 1349 partis
985 1250 1212 1325 duodecimae
1241 1276 1349 1325 arcus

304 1363 521 1462 quadrantis
547 1364 723 1462 descripti
750 1363 856 1438 radio
885 1364 949 1462 qui
978 1364 1026 1436 sit
1051 1364 1203 1460 aequalis
1235 1376 1348 1438 rectae

304 1476 391 1555 DB.
443 1479 569 1554 Quare
585 1479 617 1553 si
633 1478 673 1552 iu
691 1502 782 1553 arcu
801 1478 1030 1576 quadrantis,
1051 1476 1228 1574 descripti
1243 1501 1268 1550 a
1283 1502 1348 1574 pa-

303 1592 432 1669 rallela
445 1616 513 1690 per
534 1602 566 1680 l,
581 1603 749 1666 sumatur
763 1616 851 1689 pars
877 1593 956 1688 ejus
981 1589 1211 1678 duodecima,
1228 1602 1266 1663 et
1284 1592 1348 1665 de-

302 1707 473 1782 mittatur
487 1705 575 1780 inde
591 1707 631 1779 in
648 1705 787 1780 charta
803 1705 954 1802 planum
979 1715 1084 1777 recta
1104 1705 1348 1801 perpendicu-

301 1818 402 1911 laris,
435 1818 574 1895 incidet
607 1819 671 1893 illu
704 1818 744 1893 iu
775 1817 989 1916 pmallelam
1027 1816 1232 1891 altitudinis
1264 1841 1348 1916 quse

301 1932 438 2009 transit
453 1955 522 2031 per
543 1942 573 2007 1.

353 2046 531 2122 Similiter
553 2045 699 2121 ostendi
724 2056 857 2143 potest,
887 2044 989 2143 quod
1013 2045 1045 2118 si
1069 2054 1236 2118 sumatur
1261 2069 1348 2141 pars

302 2171 419 2250 sexta,
437 2159 547 2234 idest
563 2184 670 2234 arcus
689 2159 762 2249 132,
774 2158 875 2233 sinus
893 2170 1017 2233 rectus
1035 2158 1190 2233 duarum
1208 2158 1348 2233 duode-

302 2270 482 2347 eimarum
523 2272 684 2369 partium
722 2295 831 2345 arcus
866 2270 1082 2368 quadrantis
1116 2269 1289 2367 descripti
1324 2296 1348 2345 a

302 2384 477 2483 parallela
509 2409 577 2483 per
610 2411 647 2476 a,
681 2409 726 2459 ea
754 2384 893 2458 incidet
925 2383 1278 2481 perpendiculariter
1306 2385 1347 2458 in

301 2497 514 2595 parallelum
536 2498 741 2573 altitudinis
767 2521 850 2591 quae
875 2496 1010 2572 transit
1034 2520 1101 2593 per
1128 2506 1164 2570 2.
1215 2499 1264 2571 Et
1292 2499 1347 2570 sic

303 2609 349 2683 de
362 2610 506 2684 caeteris
523 2611 689 2705 partibus
706 2610 933 2706 quadrantis.
984 2610 1115 2706 ltaque
1131 2634 1238 2684 arcus
1255 2634 1346 2708 qua-

302 2721 473 2795 drantum
501 2722 772 2819 descriptorum
793 2723 943 2796 arentis
967 2723 1149 2821 parallelis
1173 2723 1243 2820 ipsi
1261 2725 1345 2813 DB,

303 2834 521 2908 decrescunt
543 2836 582 2908 in
609 2838 752 2911 ratione
775 2837 1020 2925 arithmetica,
1049 2835 1167 2909 donec
1195 2861 1348 2909 evanes-

302 2964 390 3026 cant
423 2953 461 3026 in
495 2967 635 3050 puncto
680 2955 721 3027 F.
783 2955 897 3028 Plana
938 2967 1062 3028 autem
1098 2952 1346 3050 quadrantum

301 3066 504 3141 eorundem
521 3067 740 3141 decrescunt
757 3068 795 3141 in
814 3069 957 3141 ratione
978 3090 1129 3140 arcuum
1147 3064 1345 3162 duplicata.

302 3179 428 3254 Quare
445 3192 687 3276 aggregatum
711 3180 958 3277 quadrantum
983 3180 1159 3267 omnium,
1184 3178 1346 3276 descrip-

300 3302 424 3365 torum
441 3317 463 3365 a
479 3291 589 3366 dictis
612 3292 796 3390 parallelis
819 3294 975 3388 sumptis
1000 3291 1185 3388 usquead
1210 3293 1345 3388 cycloi-

301 3403 397 3493 dem,
416 3404 538 3494 idest,
558 3403 714 3479 solidum
739 3405 963 3501 descriptum
981 3404 1126 3501 aplano
1151 3405 1345 3501 cycloidali

301 3516 491 3613 BfFDB,
510 3529 568 3591 est
584 3519 633 3593 ad
651 3518 807 3592 solidum
825 3519 1049 3615 descriptum
1066 3542 1088 3591 a
1105 3521 1344 3593 conversione

300 3631 409 3727 spatii
426 3630 636 3728 cycloidalis
662 3632 806 3704 externi
826 3632 930 3705 BGF
925 3630 966 3727 f
971 3632 1014 3719 B,
1041 3641 1078 3703 et
1108 3631 1155 3704 ad
1186 3632 1344 3706 solidum

300 3742 524 3841 descriptum
554 3745 812 3840 arectaugulo
844 3745 926 3833 DG,
952 3759 994 3818 ut
1017 3753 1039 3818 2
1067 3744 1115 3818 ad
1143 3754 1177 3818 3.
1231 3747 1344 3822 Quod

300 3871 379 3930 erat
398 3856 735 3931 demonstrandum.

353 3970 631 4044 Gemestarium
654 3972 678 4044 i.
744 3971 917 4066 Sequitur
944 3972 1031 4045 hinc
1055 3972 1154 4069 qnod
1184 3972 1342 4047 solidum

300 4081 524 4180 descriptum
544 4109 567 4156 a
589 4085 773 4180 triangulo
788 4085 905 4174 FBD,
937 4086 1091 4160 solidum
1117 4086 1342 4184 descriptum

299 4218 323 4267 a
351 4196 487 4270 bilineo
520 4197 635 4285 BFB,
666 4210 704 4271 et
737 4197 894 4271 solidum
925 4198 1148 4296 descriptum
1179 4201 1341 4297 apiano

299 4307 490 4404 cycloidali
509 4321 662 4382 externo
682 4308 822 4408 BGFs
829 4311 871 4398 B,
895 4334 974 4384 esse
992 4312 1145 4386 interae
1163 4313 1339 4408 aequulia;
