2946 5010
164 617 248 658 PROP.
265 619 306 661 IV.

164 687 306 722 2-2-⁴

351 413 423 479 364
579 428 633 481 mr
653 429 958 483 uaaurrunrnn
979 429 1162 483 crucum.

350 618 477 668 omnes
495 618 578 667 oum
597 615 617 695 ᾗ
636 594 777 669 faciunt
795 601 851 683 5}‚
869 619 952 692 quae
974 609 1031 669 est
1054 599 1163 670 tertia
1179 621 1264 694 pars
1290 612 1393 670 man

349 708 415 782 imi
454 717 508 782 16.
560 710 680 783 Causa
709 723 834 782 autern
868 711 1077 806 hujusmodi
1111 712 1393 808 proportionum

349 821 507 896 obscura
529 843 604 895 non
628 833 696 896 est.
748 823 845 896 Nam
867 825 1010 896 numeri
1033 824 1247 911 bisectione,
1266 849 1395 921 quam·

348 958 460 1030 quam
476 935 653 1009 infinities
670 936 813 1024 bisecti,
831 961 1020 1034 nunquam
1039 939 1253 1013 devenietur
1270 938 1316 1011 ad
1337 942 1391 1012 ni-

348 1047 477 1136 bilum,
495 1047 561 1120 sed
582 1049 737 1121 restabit
754 1073 898 1145 semper
916 1051 1037 1123 unitas
1053 1083 1061 1134 ;
1089 1075 1207 1148 neque
1226 1053 1392 1126 trisectio

347 1172 526 1258 perpetua
542 1184 735 1234 numerum
753 1185 971 1259 quemquam
989 1163 1141 1237 reducet
1157 1164 1205 1237 ad
1223 1166 1390 1254 nibilum,

348 1274 415 1349 sed
431 1275 585 1350 restabit
603 1299 746 1372 semper
763 1300 847 1372 pars
865 1276 998 1373 aliqua.

703 1513 953 1565 PROPOSITIO
974 1514 1030 1565 IV.

398 1628 592 1704 Quadrata
609 1655 632 1703 a
648 1631 758 1703 rectis
776 1629 893 1715 lineis
911 1654 994 1726 quae
1011 1630 1168 1725 aequales
1188 1643 1274 1702 sunt
1287 1632 1389 1702 arcui

345 1739 399 1815 ab
422 1743 639 1840 caeterisque
667 1743 974 1839 consequentibus
999 1743 1182 1838 usquead
1209 1758 1387 1839 punctum

347 1857 400 1946 M,
414 1856 522 1929 simul
537 1868 696 1953 sumpta,
710 1857 863 1952 aequalia
880 1867 965 1928 sunt
983 1855 1162 1952 quadrato
1181 1881 1224 1928 ex
1238 1856 1296 1928 PC
1309 1856 1387 1927 sive

397 2084 628 2159 Quadratum
646 2083 742 2156 enim
757 2107 801 2154 ex
815 2082 873 2154 PC
889 2081 985 2154 latus
998 2081 1110 2153 habet
1124 2081 1223 2178 quod
1238 2093 1292 2154 est
1310 2107 1388 2154 me-

345 2195 446 2270 dium
464 2197 561 2270 inter
578 2198 626 2270 IP
644 2208 681 2269 et
698 2195 812 2291 ipsius
824 2194 989 2291 duplum,
1008 2195 1046 2266 id
1057 2209 1114 2267 est
1128 2197 1207 2290 (per
1217 2218 1320 2291 prop.
1335 2195 1390 2289 iii)

345 2309 442 2382 inter
460 2310 544 2397 CM,
563 2310 639 2382 sive
657 2333 783 2382 arcum
802 2308 872 2396 CZ,
892 2319 929 2380 et
946 2309 1059 2404 ipsius
1078 2308 1277 2380 semissem.
1313 2308 1388 2381 Sed

345 2423 563 2518 quadratum
582 2447 627 2495 ex
640 2421 693 2495 ob
712 2446 796 2494 cum
813 2422 1121 2517 consequentibus
1139 2421 1327 2517 quadratis
1342 2445 1387 2493 ex

344 2537 488 2608 caeteris
516 2536 673 2607 arcubus
704 2535 872 2607 omnibus
896 2535 1100 2607 terminatis
1129 2536 1166 2606 in
1194 2535 1274 2623 bM,
1300 2549 1387 2608 sunt

347 2647 428 2742 (per
447 2648 579 2720 lemma
596 2649 822 2743 praecedens)
844 2648 1034 2720 dimidium
1049 2649 1217 2742 quadrati
1236 2650 1386 2720 abarca

344 2761 414 2832 CZ.
476 2762 600 2835 Quare
636 2762 854 2856 quadratum
889 2762 986 2856 quod
1021 2762 1091 2833 illis
1127 2763 1294 2832 omnibus
1330 2776 1387 2833 est

344 2872 494 2967 aequale,
514 2874 664 2945 habebit
683 2898 748 2968 pro
766 2875 880 2945 latere
900 2874 1054 2945 mediam
1073 2875 1385 2968 proportionalem

342 2985 439 3058 inter
457 3011 582 3058 arcum
603 2987 673 3075 CZ,
689 2987 795 3058 idest
813 2999 950 3058 rectam
971 2988 1056 3074 CM,
1076 3001 1112 3058 et
1132 2988 1244 3081 ipsius
1263 2990 1384 3058 semis-

343 3122 431 3171 sem.
486 3101 611 3173 Media
629 3113 750 3172 autem
770 3100 831 3170 illa
850 3113 906 3171 est
930 3101 1008 3194 ipsa
1034 3112 1136 3171 recta
1160 3101 1228 3182 PC,
1254 3126 1384 3195 nempe

343 3212 454 3309 dupla
482 3225 593 3286 rectae
612 3214 692 3302 GQ,
711 3239 792 3308 quae
821 3214 1027 3284 differentia
1053 3227 1109 3284 est
1136 3214 1233 3285 inter
1253 3216 1317 3285 AG
1347 3231 1384 3286 et

343 3326 426 3402 Aa.
478 3329 571 3400 Dico
594 3341 785 3423 praeterea,
805 3328 982 3423 quadrata
1007 3352 1156 3398 arcuum
1182 3328 1384 3400 eorundem

342 3463 416 3512 una
440 3465 523 3513 cum
547 3441 727 3535 quadrato
758 3441 803 3511 ab
833 3465 920 3511 arcu
950 3440 1009 3510 CZ
1041 3440 1231 3511 dimidium
1262 3441 1383 3512 facere

341 3576 448 3625 arcus
476 3555 544 3642 ST,
564 3554 639 3625 sive
664 3565 774 3625 rectae
803 3553 889 3634 BC;
917 3567 952 3624 et
981 3552 1133 3647 proinde
1163 3555 1382 3647 (prindratum

342 3668 442 3762 quod
467 3667 536 3739 illis
565 3668 732 3738 omnibus
754 3679 808 3737 est
835 3667 986 3760 aequale,
1011 3666 1145 3736 habere
1176 3691 1241 3760 pro
1269 3667 1382 3738 latero

341 3794 480 3853 rectam
499 3780 570 3853 Au
587 3779 746 3851 mediam
763 3780 860 3851 inter
879 3780 943 3849 AB
962 3791 999 3849 et
1018 3779 1093 3849 AG.

395 3893 532 3965 Coroll.
577 3893 624 3965 Et
640 3903 846 3989 propterea,
866 3891 1044 3985 quadrata
1061 3915 1105 3961 ex
1125 3893 1292 3963 omnibus
1312 3892 1382 3963 illis

340 4009 509 4093 arcubuS‚
540 4017 725 4101 assumpto
757 4003 936 4099 quadrato
971 4004 1016 4074 ab
1048 4028 1135 4075 arcu
1164 4004 1232 4091 ST,
1267 4005 1382 4097 (quod

340 4121 558 4215 quadratum
586 4119 725 4213 aequale
754 4131 810 4189 est
831 4117 1010 4211 quadrato
1036 4118 1198 4209 ABCD),
1224 4118 1382 4211 aequalia

340 4256 419 4304 esse
451 4234 592 4305 duobus
617 4231 803 4326 quadratis
828 4230 934 4301 simul
964 4255 985 4301 a
1012 4231 1122 4302 radiis
1147 4233 1211 4302 AB
1236 4243 1272 4302 et
1297 4232 1380 4319 Aa,

340 4348 444 4441 cujus
462 4347 557 4418 latus
575 4346 645 4418 erit
658 4358 759 4418 recta
773 4344 883 4416 ducta
901 4370 922 4416 a
941 4357 1079 4439 puncto
1095 4346 1126 4416 D
1142 4345 1187 4415 ad
1202 4358 1380 4438 punctum
