2946 5010
121 611 272 653 DIALOGUS

129 693 272 796 »ζ’-υ

319 403 361 468 16
527 416 798 468 exanimatio
820 417 869 467 nr
889 416 1138 468 unaunamo

363 583 410 659 B.
438 584 617 682 Intelligit
632 585 877 682 quantitatem
887 583 1081 681 peculiari
1099 584 1213 673 modo,
1232 585 1269 658 id
1288 599 1358 674 est,

313 699 497 772 strictiore
515 722 636 787 seusu,
662 711 774 796 prout
798 699 845 772 ad
870 723 1063 772 numerum
1080 712 1118 772 et
1136 702 1358 796 magnitudi-

314 835 397 884 nem
416 812 589 908 restringi
607 812 712 884 solet.

363 924 412 998 A.
439 926 489 998 At
512 925 669 1022 intelligi
697 926 750 998 ita
776 949 849 998 uon
878 938 1044 1021 possunt.
1097 926 1194 998 Nam
1211 927 1357 1001 aeracni

311 1035 418 1110 eirea
434 1038 690 1135 quantitatem,
717 1038 794 1110 aive
812 1039 1021 1111 continuam
1040 1038 1119 1110 aive
1143 1039 1355 1129 discretam,

312 1173 396 1248 quae
413 1150 541 1223 eadem
560 1165 646 1224 sunt
669 1175 754 1224 eum
772 1149 1025 1245 magnitudine
1052 1162 1089 1222 et
1107 1175 1272 1242 numero,
1290 1178 1355 1249 po-

312 1263 384 1337 sita
400 1280 487 1337 sunt
504 1265 542 1337 in
560 1265 641 1362 ipsa
658 1264 884 1337 defiuitione.

363 1374 410 1450 B.
436 1377 602 1451 Minime.
655 1377 752 1451 Nam
770 1377 808 1450 in
825 1376 1050 1464 definitione,
1078 1400 1144 1473 per
1165 1377 1356 1474 quantita-

312 1498 383 1563 tem
401 1491 607 1563 continuam
632 1490 806 1586 intelligit
828 1490 943 1561 solam
967 1491 1210 1584 quantitatem
1227 1514 1355 1585 corpo·

311 1625 405 1691 rum,
418 1626 551 1699 nempe
562 1603 710 1691 lineam,
723 1602 966 1698 superficiem,
978 1612 1015 1674 et
1026 1601 1195 1690 solidum,
1207 1603 1355 1675 exclusa

310 1716 520 1811 quantitate
539 1715 727 1810 temporis,
751 1714 835 1801 loci,
854 1725 988 1803 motus,
1011 1728 1049 1787 et
1067 1714 1261 1811 ponderis:
1288 1739 1355 1810 per

309 1828 553 1925 quantitatem
587 1841 712 1900 autem
746 1826 958 1911 discretam,
993 1827 1141 1899 exclusa
1175 1827 1354 1915 oratione,

309 1942 428 2016 solum
458 1964 675 2025 numerum
706 1952 903 2037 propterea
928 1939 1028 2036 quod
1055 1953 1211 2035 tempus,
1240 1939 1354 2024 loeus,

309 2067 442 2146 motus,
460 2056 618 2152 pondus,
635 2055 699 2128 oia
716 2053 840 2143 allam,
859 2053 991 2149 inquit,
1012 2052 1167 2125 subeant
1183 2052 1313 2150 apeeal
1338 2100 1355 2111 -
1440 2084 1442 2088 ·

310 2168 444 2241 tionem
465 2168 773 2256 mathematicam,
801 2167 878 2240 nisi
902 2164 957 2238 ad
979 2164 1123 2238 modam
1146 2165 1206 2238 ael
1227 2166 1355 2264 magni

308 2280 367 2353 ael
382 2280 489 2354 multi
506 2280 801 2353 considerantur.

359 2391 406 2466 A.
432 2392 587 2465 Videtur
604 2416 690 2465 saue
714 2416 790 2464 uon
814 2392 907 2464 bene
931 2391 1136 2488 intelligere
1155 2392 1353 2481 Wallisius,

310 2503 400 2600 quid
413 2505 460 2578 sit
473 2505 552 2601 ipsa
564 2505 764 2601 quantitas.
817 2505 947 2600 Neque
964 2505 1003 2577 id
1018 2506 1151 2578 mirum
1168 2518 1244 2589 est;
1270 2530 1355 2579 eum

311 2642 420 2691 nemo
434 2632 706 2713 geometrarum
718 2617 877 2706 illorum,
892 2617 954 2713 qui
965 2631 1051 2691 ante
1062 2618 1182 2714 ipsum
1191 2618 1353 2708 fuerunt,

311 2729 507 2805 tradiderit
521 2729 740 2827 quantitatis
754 2729 1028 2814 definitionem
1055 2733 1134 2827 ipse
1151 2744 1274 2804 autem
1291 2757 1353 2805 ex-

312 2843 536 2917 aminatione
550 2843 662 2931 nulla,
681 2842 747 2916 sed
761 2854 907 2916 tantum
919 2843 1091 2934 lectione,
1109 2868 1212 2917 suam
1224 2845 1355 2920 feeerit

310 2955 552 3052 geometriam
570 2956 738 3028 alienam.

361 3068 410 3142 B.
439 3070 637 3144 Quomodo
656 3082 782 3143 autem
800 3070 1044 3165 quantitatem
1062 3070 1192 3144 definis
1211 3073 1278 3145 tul

360 3181 407 3256 A.
437 3183 636 3268 Quantitas
647 3193 715 3273 eat,
728 3209 805 3282 per
818 3208 927 3282 quam
941 3185 1116 3280 querenti
1131 3184 1177 3257 de
1190 3185 1355 3282 qualibet

310 3320 365 3385 re,
383 3307 524 3393 quanta
541 3295 605 3384 ait,
624 3305 715 3392 apte
731 3295 1002 3392 remandatum
1027 3297 1114 3386 aiae,
1140 3298 1239 3393 quod
1257 3298 1354 3370 idem

311 3421 379 3498 est,
401 3432 479 3507 per
501 3433 611 3505 qaam
633 3408 829 3504 errjualibet
854 3409 914 3481 rei
939 3409 1154 3506 mangnitudo
1186 3411 1356 3484 determi-

310 3533 435 3596 natur.
487 3523 600 3595 Verbi
613 3546 745 3595 causa:
772 3523 1003 3619 longitudine
1016 3523 1214 3618 proposita,
1229 3549 1354 3619 quaero

312 3648 451 3731 quanta
468 3659 512 3708 ea
530 3635 589 3708 sit.
641 3636 699 3708 An
718 3635 931 3731 responderi
950 3648 1035 3730 apte
1052 3648 1172 3730 putas,
1190 3634 1354 3734 laragita-

311 3749 432 3822 dinem
448 3751 567 3821 erae?
617 3748 676 3820 An
693 3749 817 3843 potius
831 3747 929 3843 quod
944 3748 991 3820 sit
1008 3759 1123 3836 tanta,
1143 3764 1281 3845 quanta
1299 3765 1356 3823 est

310 3860 412 3950 ulna,
430 3862 488 3934 vel
507 3872 647 3957 quanta
672 3873 727 3935 est
744 3861 869 3957 aliqua
894 3861 965 3933 alia
988 3885 1160 3935 mensura
1176 3863 1232 3935 vel
1253 3887 1354 3936 men-

310 3997 431 4057 surae;
461 3976 516 4048 uel
535 3973 635 4070 quod
661 3974 710 4046 sit
736 3975 783 4047 ad
806 3974 1076 4069 longitudinem
1095 3977 1298 4072 expositam
1316 3976 1353 4048 in

310 4087 381 4160 hae
398 4088 456 4159 vel
474 4088 537 4160 illa
554 4086 723 4159 ratione?
776 4087 963 4176 Similiter,
991 4088 1022 4160 si
1047 4090 1201 4185 quaestio
1223 4088 1287 4161 fiat
1308 4088 1354 4161 de

311 4200 504 4294 superficie
526 4200 584 4272 vel
607 4199 737 4289 solido,
765 4222 840 4272 uon
865 4212 950 4294 apte
977 4201 1258 4296 respondebitur
1284 4202 1355 4274 nisi

308 4336 376 4408 per
409 4335 618 4386 mensuram
652 4313 813 4410 aliquam
843 4312 902 4386 vel
927 4314 1238 4411 comparationem
1270 4339 1353 4388 cum
