2946 5010
315 386 384 454 162
527 399 795 454 nxnnmnmo
814 402 865 454 nn
883 403 1127 458 nnnnnnmo

122 595 274 638 armosos
310 565 438 664 pedite
453 575 570 656 erant,
581 565 749 640 transilui
760 596 771 650 ;
797 575 834 640 et
851 578 1032 642 tractatus
1046 568 1352 644 deAritlmetica

125 678 268 781 ,ξύ
312 677 552 775 Infinitcmm,
594 703 680 752 cum
726 678 849 775 capita
888 680 1008 777 prima
1049 692 1087 754 et
1130 682 1353 777 reliquorum

311 791 476 865 omnium
491 791 733 866 fundamenta
747 791 841 866 falsa
858 816 938 866 esse
961 794 1193 883 invenissem,
1219 807 1354 869 caetera

238 963 242 970 .
310 904 384 1002 legi
408 904 569 1001 quidem,
587 906 651 979 sed
678 904 887 978 examinare
909 906 1023 980 nolui.
1057 906 1206 1005 ,Capite
1232 909 1352 1004 primo

311 1019 360 1093 de
376 1017 527 1117 Angnlo
552 1017 768 1108 Contactua,
795 1019 938 1092 occasio
969 1019 1176 1093 declaratur
1206 1033 1352 1094 contro-

310 1132 441 1206 versiae
458 1131 504 1205 de
521 1143 655 1204 natura
672 1133 751 1227 ejus
768 1131 866 1205 inter
879 1131 1046 1206 Cluvium
1062 1146 1102 1206 et
1119 1134 1352 1222 Peletarium,

310 1269 444 1340 nempe
484 1243 688 1342 propositio
724 1243 867 1318 decima
901 1256 1005 1319 sexta
1038 1246 1220 1320 Elementi
1253 1248 1353 1320 tertii

310 1357 486 1448 Euclidis,
503 1380 680 1431 unacum
703 1357 1014 1432 demonstratione
1037 1359 1213 1455 ejusdem.
1265 1360 1353 1432 Pro-

309 1470 445 1567 positio
462 1469 612 1567 quidem
632 1471 761 1544 Graece
778 1481 816 1544 et
832 1469 972 1558 Latine,
994 1469 1136 1563 (Graece
1161 1471 1200 1544 in
1226 1495 1352 1545 eorum

309 1581 405 1658 forte
429 1583 587 1680 gratiam
611 1583 675 1680 qui
702 1583 831 1657 Latine
859 1584 1059 1678 nesciunt),
1087 1583 1353 1659 demonstratio

311 1700 444 1775 latine
461 1711 607 1775 tanturn
625 1701 815 1798 repetitur.
868 1701 912 1775 ln
939 1702 1113 1790 secundo,
1145 1715 1355 1777 controver-

312 1815 405 1889 siam
439 1814 538 1888 illam
569 1813 731 1888 ostendit
765 1813 985 1912 diremptam
1018 1815 1065 1889 ab
1099 1816 1252 1889 Euclide
1278 1840 1353 1889 non

312 1952 402 2003 esse.
454 1927 534 2002 Nee
551 1928 707 2013 mirum;
732 1929 903 2002 Euclides
920 1928 1017 2003 enim
1039 1928 1227 2002 defutura
1245 1952 1355 2026 super

312 2041 433 2115 verbis
450 2043 529 2137 ejus
546 2051 651 2115 tanto
668 2055 755 2137 post
771 2053 937 2138 tempore
961 2042 1058 2114 inter
1076 2041 1297 2115 Peletarium
1316 2053 1354 2116 et

312 2154 481 2228 Clarium
495 2155 748 2228 controversia
761 2177 807 2228 ne
821 2155 1016 2228 somniavit
1029 2154 1190 2251 quidem.
1224 2154 1354 2252 Capite

312 2267 438 2358 tertio,
449 2269 737 2341 controversiam
750 2267 927 2356 intimius
942 2267 1000 2362 (ut
1010 2267 1072 2341 ille
1082 2291 1212 2364 parum
1223 2268 1353 2341 Latine

311 2380 503 2478 loquitur),
534 2380 770 2476 aggreditur:
808 2380 934 2476 anguli
967 2380 1067 2476 plani
1102 2379 1353 2454 definitionem

313 2495 470 2567 afferens
486 2493 604 2577 hanc;
631 2492 804 2591 angulus,
824 2493 954 2588 inquit,
977 2493 1118 2590 planam
1145 2501 1202 2565 cat
1230 2503 1353 2566 inntna

313 2623 412 2695 κλίσις,
446 2630 511 2678 aea
540 2605 743 2695 inclinatio,
775 2606 931 2679 duanam
958 2606 1140 2680 linearum
1171 2607 1209 2679 in
1236 2606 1353 2703 plano

313 2741 396 2790 scae
413 2717 645 2816 tangentium
661 2728 698 2790 el
715 2742 785 2790 noa
802 2717 841 2790 in
858 2717 1036 2790 directam
1046 2719 1271 2817 positarum.

366 2830 415 2902 B.
442 2829 616 2903 Definitio
640 2830 788 2927 quidem
816 2830 977 2903 Euclidis
1006 2844 1072 2905 est.
1127 2831 1200 2904 Sed
1229 2832 1353 2927 anguli

313 2943 414 3039 plani
432 2956 566 3016 natura
581 2942 644 3015 ubi
662 2941 889 3039 explicatur?

366 3057 414 3129 A.
443 3056 485 3128 In
504 3056 583 3151 ipsa
600 3055 824 3128 definitione.

365 3170 415 3245 B.
441 3170 494 3241 At
526 3192 602 3241 non
636 3192 821 3265 agnosco;
860 3192 946 3240 nam
980 3180 1163 3263 repugnat
1193 3169 1237 3241 iis
1273 3193 1354 3265 quae

313 3283 412 3356 idem
447 3282 596 3379 scripsit
624 3282 795 3355 Euclides
833 3281 933 3377 (Des.
962 3291 997 3371 5,
1023 3281 1138 3354 Elem.
1165 3283 1233 3375 xi).
1298 3283 1354 3354 lbi

315 3397 412 3471 enim
430 3395 560 3469 definit
576 3405 686 3468 recta>
704 3394 809 3467 linea
825 3395 880 3468 ad
894 3394 1052 3492 planam
1071 3393 1354 3483 inclinationem,

314 3511 402 3584 item
412 3509 524 3606 plani
541 3508 597 3581 ad
607 3507 765 3607 planum
782 3508 1066 3595 inclinationem,
1081 3531 1163 3580 ense
1179 3508 1353 3606 angulum

315 3633 471 3697 acutam.
524 3620 616 3693 Cum
643 3644 731 3716 ergo
762 3622 880 3693 omnis
906 3621 1096 3693 inclinatio
1127 3620 1175 3693 ad
1204 3622 1352 3718 planum

314 3736 361 3808 sit
387 3734 577 3808 inclinatio
607 3733 656 3806 ad
679 3733 813 3806 lineam
838 3735 875 3806 in
905 3734 1027 3828 plano,
1057 3733 1137 3823 erit,
1164 3758 1230 3830 per
1258 3737 1351 3808 hanc

314 3848 577 3936 definitionem,
597 3847 714 3919 omnis
732 3847 888 3942 angulus
906 3859 1047 3920 acutus

363 3963 412 4033 A.
441 3961 514 4034 Sed
536 3984 612 4033 non
628 3958 773 4033 videtur
789 3984 862 4032 vox
880 3959 1072 4032 inclinatio
1090 3959 1218 4033 eodem
1244 3980 1350 4030 sensu

312 4073 527 4170 accipienda
543 4096 622 4145 esse
638 4072 710 4161 hic,
729 4083 840 4167 atque
866 4072 903 4143 in
928 4072 1119 4145 Elementa
1144 4069 1349 4143 undecimo.

315 4188 417 4261 Scias
438 4209 527 4282 ergo
551 4185 746 4258 nonnullos
769 4207 848 4256 esse
873 4186 947 4280 qui,
965 4185 1034 4257 etsi
1057 4209 1080 4256 a
1100 4181 1227 4279 positis
1250 4182 1350 4277 prin-

313 4300 418 4396 cipiis
434 4321 622 4394 nunquam
641 4321 716 4370 non
734 4308 834 4369 recte
848 4294 1214 4389 ratiocinentur,ipsa
1227 4306 1351 4368 tamen
