2946 5010
333 399 404 470 108
547 414 818 469 axauruarro
837 414 891 468 ar
908 415 1158 470 annumero

138 607 290 650 numum
327 581 603 680 Multiplicare‚
620 583 753 681 inquit,
769 592 828 656 ea
843 606 1031 656 numm
1047 583 1208 656 inuenire
1223 581 1286 679 qui
1303 581 1374 655 da-

140 689 285 794 „JL
326 706 405 769 tam
421 695 557 769 lrabeat
571 699 755 769 rationem
770 696 826 769 ad
845 720 1029 769 numerum
1045 695 1185 769 datust
1237 694 1374 768 Utrum

325 810 529 907 propositio
543 810 623 883 haec
638 811 740 904 (nam
755 809 923 883 definitio
936 833 1011 882 non
1028 810 1102 903 est)
1116 832 1203 882 vera
1218 832 1268 881 au
1279 808 1374 882 falsa

326 922 386 1012 sit,
404 923 515 996 unico
540 924 709 1021 exemplo
734 922 893 1019 intelligi
917 934 1054 1019 potest.
1106 923 1164 997 Sit
1180 921 1289 996 datus
1305 946 1373 995 nu-

326 1059 451 1109 merus
477 1036 632 1134 quilibet
657 1045 694 1125 6,
722 1049 761 1110 et
786 1037 876 1110 data
899 1037 997 1111 ratio
1022 1035 1113 1109 tad
1130 1045 1165 1109 5.
1216 1035 1373 1109 Potesne

326 1160 369 1222 tu
385 1160 452 1222 aut
467 1149 529 1222 ille
551 1173 747 1224 numerum
764 1150 962 1246 quaesitum
986 1149 1151 1223 invenire
1172 1173 1239 1245 per
1256 1149 1373 1223 solam

325 1261 697 1359 multiplicationem?
749 1264 868 1337 Datus
881 1271 904 1336 6
917 1261 1216 1360 multiplicandus
1228 1263 1374 1353 est‚sed

324 1398 392 1472 per
409 1400 520 1472 quem
535 1401 729 1450 numerum
744 1376 757 1448 l
810 1378 916 1465 Quis,
942 1378 1105 1473 inquam,
1122 1389 1180 1450 est
1197 1377 1372 1474 multipli-

325 1489 442 1561 cans?
493 1491 553 1562 An
570 1490 878 1586 multiplicantem
894 1491 1060 1565 invenias
1075 1513 1142 1586 per
1151 1489 1372 1587 multiplica-

326 1601 491 1676 tionem?
543 1603 751 1677 Productus
778 1605 850 1677 erit
879 1605 941 1700 737.
994 1604 1093 1676 Nam
1118 1613 1155 1691 4,
1183 1612 1219 1691 5,
1245 1612 1283 1693 6,
1310 1604 1369 1699 7}‚

325 1726 413 1788 sunt
446 1716 752 1812 proportionales.
811 1717 1016 1791 Numerum
1051 1741 1141 1813 ergo
1176 1715 1371 1812 quaesitum

325 1852 402 1902 non
428 1828 592 1902 iuvenies
619 1830 691 1903 nisi
716 1829 915 1903 dividendo
942 1829 991 1928 ἢ
1016 1854 1082 1926 per
1106 1837 1144 1902 6.
1194 1829 1370 1925 Emerget

326 1954 451 2017 autem
467 1955 602 2039 quotus
624 1940 853 2028 16:621.
906 1945 1079 2018 Quanam
1103 1953 1228 2015 autem
1246 1942 1369 2016 multi-

326 2056 527 2153 plicatione
546 2058 706 2153 reperies
724 2058 838 2131 istum
856 2055 897 2142 i?

376 2166 424 2240 B.
451 2168 631 2264 Intelligit
656 2169 718 2242 ille
744 2169 873 2243 datum
901 2181 1072 2266 oportere
1096 2191 1175 2241 esse
1195 2168 1371 2265 multipli-

327 2294 485 2371 cantem,
504 2306 660 2377 eumque
677 2284 831 2357 unitatis
851 2282 1072 2379 multiplum.

376 2396 426 2467 Α,
452 2395 527 2468 ΑΙίἰ
558 2395 707 2491 quidem
740 2398 794 2470 ita
826 2397 1049 2493 intelligunt.
1108 2396 1258 2469 Interea
1286 2419 1372 2470 vero

327 2507 493 2581 definitio
514 2531 623 2603 quam
642 2509 720 2604 ipse
736 2511 854 2598 affert,
870 2510 1003 2584 vitiosa
1019 2521 1096 2594 est3
1123 2533 1236 2606 quam
1248 2519 1372 2583 tamen

327 2621 376 2693 ad
398 2620 487 2693 alias
508 2621 620 2693 etiam
644 2624 868 2717 quantitates
894 2622 1067 2720 applicat,
1084 2622 1195 2720 paulo
1221 2623 1372 2696 inferius

328 2733 467 2822 dicens,
502 2733 754 2831 multiplicare
788 2761 867 2809 esse
895 2736 993 2810 data
1022 2735 1138 2809 alicui
1171 2735 1374 2833 quantitati

327 2845 441 2919 uliam
458 2847 496 2919 in
514 2847 609 2920 data
626 2851 773 2922 ratione
792 2849 973 2923 exhibere.

377 2959 426 3033 B.
453 2961 611 3035 Erravit.

377 3072 425 3144 A.
453 3075 572 3147 Tanto
587 3075 712 3148 decuit
729 3076 832 3149 illum
850 3077 970 3149 minus
985 3076 1238 3149 definitionem
1252 3098 1373 3172 repre·

326 3186 488 3260 hendere
501 3188 651 3262 allatam
670 3190 716 3261 ab
733 3190 899 3277 Euclide,
921 3214 1066 3286 nempe,
1085 3188 1185 3286 quod
1203 3212 1372 3262 numeria

327 3324 511 3373 numerum
528 3300 777 3398 multiplicare
800 3302 951 3391 dicitur,
969 3303 1117 3400 quando
1130 3312 1215 3399 quot
1232 3312 1318 3374 sunt
1336 3301 1373 3374 iu

327 3414 409 3511 ipso
426 3415 603 3503 unitates,
623 3415 733 3487 toties
750 3416 979 3512 componitur
996 3416 1030 3488 is
1054 3416 1119 3514 qui
1143 3414 1371 3513 multiplica-

328 3538 400 3615 tur,
419 3526 597 3623 etfactus
615 3538 673 3600 est
689 3527 843 3625 aliquia.

375 3641 425 3712 B.
454 3640 555 3714 Quid
572 3654 630 3713 est
648 3641 746 3736 quod
763 3641 823 3713 hic
841 3639 1105 3736 reprehendit?

377 3753 425 3825 A.
454 3753 566 3828 Quod
583 3777 654 3825 vox
682 3755 773 3839 haec,
792 3754 827 3826 is
852 3753 917 3852 qui
945 3753 1233 3852 centuplicatur,
1251 3755 1374 3851 posita

327 3865 374 3936 sit
391 3866 428 3937 in
449 3865 661 3940 definitione
681 3866 1012 3965 multiplicationis.

376 3979 425 4050 B.
453 3980 586 4053 Nonne
604 3980 763 4053 merito?

376 4090 424 4163 A.
452 4093 520 4165 Ite.
585 4093 658 4166 Sed
676 4118 761 4165 cum
783 4093 928 4165 tantillo
953 4117 1064 4188 opere
1092 4091 1284 4166 emendari
1307 4117 1373 4190 po-

327 4203 411 4291 tuit,
430 4208 566 4279 rectius
590 4207 748 4293 fecisset,
767 4205 938 4294 arbitror,
967 4206 996 4278 si
1024 4205 1222 4279 emendata
1249 4208 1373 4302 potius

327 4339 412 4387 usus
443 4331 549 4406 esset,
573 4343 684 4414 quam
712 4321 741 4390 si
767 4318 896 4391 falsam
925 4320 963 4390 in
989 4319 1111 4391 locum
1135 4320 1215 4413 ejus
1238 4319 1373 4393 substi-

327 4430 469 4502 ruisset.
