2946 5010
390 432 968 485 uarnnaarrcmuonrnnnm.
1137 415 1204 495 175

168 600 529 690 demonstrationem,
540 625 624 698 quae
634 610 781 697 poterat
792 599 948 697 decuplo
959 623 1037 673 esse
1047 600 1204 672 brevior.
1248 625 1397 667 oranocus

168 714 296 810 Itaque
315 738 397 809 quae
413 727 617 810 sequuntur
635 714 906 811 Propositiones
919 713 970 802 iii,
988 713 1036 803 iv,
1053 739 1088 802 v,
1102 726 1142 787 et
1156 713 1206 804 vi,
1246 708 1388 811 ss

167 828 236 899 etsi
253 850 357 900 veras
374 827 536 900 habeant
557 827 822 915 conclusiones,
839 827 990 900 vitiosas
1016 827 1209 900 continent

168 940 479 1014 ratiocinationes.
521 941 677 1015 Easdem
694 952 818 1014 tamen
831 939 1082 1013 conclusiones
1099 963 1207 1013 nemo

169 1076 242 1125 non
258 1053 371 1139 novit,
382 1076 451 1125 nec
467 1066 567 1126 recte
585 1079 660 1127 non
676 1063 811 1150 potest,
826 1065 863 1126 et
879 1053 1040 1126 breviter
1057 1053 1208 1127 demon-

169 1178 299 1237 strare.
351 1166 554 1263 Propositio
571 1168 632 1256 vii,
649 1179 785 1264 praeter
808 1167 1062 1257 terminorum,
1076 1167 1208 1264 quibus

168 1288 324 1350 utuntur
359 1280 556 1376 scriptores
598 1281 730 1369 conici,
773 1280 1017 1370 definitiones,
1062 1280 1209 1353 unicam

168 1391 280 1464 habet
312 1390 677 1482 demonstrationem,
712 1406 750 1466 et
784 1393 927 1467 monita
960 1392 1129 1489 quaedam
1162 1416 1209 1466 ne

169 1528 244 1578 non
261 1516 362 1578 recte
385 1505 666 1602 intelligeretur,
684 1506 737 1579 illi
755 1507 818 1603 qui
840 1530 917 1580 non
934 1507 1022 1581 satis
1039 1519 1210 1581 accurate

170 1617 332 1713 loquitur
346 1617 454 1713 plane
467 1620 684 1693 necessaria.
721 1620 927 1716 Propositio
941 1643 1050 1716 quam
1063 1620 1212 1694 demon·

171 1741 274 1819 strat,
302 1732 383 1803 haec
411 1745 491 1804 est:
520 1732 677 1829 planam
704 1734 786 1804 corti
813 1732 1007 1805 sectionem
1036 1733 1211 1827 efficiens,

171 1845 205 1916 ri
222 1869 329 1917 anam
347 1871 394 1917 ea
404 1844 606 1942 parallelis
624 1845 662 1919 in
688 1870 777 1917 coac
794 1845 948 1918 circulis
973 1856 1071 1917 secet
1086 1871 1213 1918 secan·

173 1958 257 2030 clara
299 1968 439 2030 rectam
473 1959 593 2055 rpeias
631 1958 815 2031 diametro
843 1958 1211 2057 perpendicularem,

172 2071 286 2143 eliam
327 2069 493 2167 reliquos
527 2069 586 2143 illi
621 2069 837 2167 parallelos
871 2070 1030 2143 circulos
1072 2070 1213 2145 secabit

172 2183 368 2256 secandam
389 2194 527 2273 rectas,
556 2209 637 2280 qaae
667 2185 831 2282 ipsoram
858 2184 1051 2257 dramate
1076 2183 1213 2282 paral

173 2295 257 2368 lelio
274 2305 360 2368 serat
380 2296 719 2395 perpendicudarea
730 2325 743 2370 .·
769 2321 852 2394 quae
868 2320 935 2393 per
952 2320 991 2369 se
1008 2298 1212 2393 perspicua,

174 2432 242 2480 nec
259 2432 354 2481 nova
370 2419 437 2482 est.
492 2410 601 2482 Hanc
624 2434 712 2506 ergo
737 2409 1037 2506 propositionem,
1064 2422 1107 2482 ut
1136 2433 1213 2482 non

174 2522 266 2595 falsa
283 2523 545 2610 continentem,
561 2522 660 2618 quod
678 2522 803 2596 deberi
819 2534 911 2618 puto
925 2522 1099 2595 absentiae
1117 2544 1214 2618 sym-

174 2634 354 2724 bolorum,
373 2634 611 2708 dimittamus.

227 2748 275 2820 Α.
302 2748 549 2844 Expectabam
567 2749 627 2821 hic
645 2758 686 2820 ut
707 2747 977 2821 demonstraret
994 2747 1214 2821 circulorum

176 2884 303 2934 ornnes
320 2862 359 2934 in
378 2886 472 2935 cono
489 2863 718 2958 perimetros,
745 2862 943 2958 perimetro
971 2862 1068 2934 basis
1095 2861 1214 2958 paral-

176 2975 276 3064 lelas,
295 2976 378 3048 coni
396 2975 510 3049 totius
529 2975 734 3072 superficiei
752 2999 831 3048 esse
854 2973 1034 3069 aequales3
1062 2986 1103 3048 ut
1130 2987 1215 3048 ante

177 3088 319 3160 minuta
335 3087 677 3184 parallelogramma
693 3086 877 3182 triangulo
896 3086 978 3159 toti.

227 3202 276 3273 B.
303 3204 351 3274 Et
375 3226 456 3298 ego.
508 3201 581 3274 Sed
609 3201 647 3273 id
672 3201 768 3273 sorte
794 3200 929 3273 oblitus
955 3197 1215 3294 praetermisit;

178 3338 275 3401 nam,
302 3325 456 3410 propter
483 3314 682 3387 secundam
700 3312 952 3385 Aritlmeticae
969 3311 1215 3406 Iafialtoram,

178 3451 253 3497 non
271 3428 393 3522 potuit
409 3427 533 3500 videre
558 3427 765 3499 falsitatem.
825 3425 876 3497 At
900 3422 1151 3519 Propositione
1168 3422 1216 3509 iv,

179 3537 307 3610 eadem
324 3538 385 3611 illa
402 3539 574 3612 methodo
593 3538 754 3611 ostendit
776 3535 1050 3633 semiparabolae
1067 3534 1216 3630 planum

179 3675 225 3722 ex
243 3651 395 3723 infinitis
413 3665 582 3725 constare
602 3651 777 3724 lateribus
801 3649 1076 3745 quadratorum,
1107 3647 1218 3719 arith·

180 3764 311 3836 metice
338 3766 689 3860 proportionalium
717 3776 755 3836 et
783 3773 884 3836 recte
916 3762 1077 3857 quidem,
1108 3759 1217 3833 modo

181 3878 276 3949 latus
294 3877 462 3972 quadrati
477 3879 720 3952 concedamus
734 3901 811 3949 esse
824 3876 1217 3972 parallelogrammum.

231 3992 280 4062 A.
308 3989 382 4061 Sed
398 3990 487 4064 illud
505 3992 637 4064 falsum
655 4003 721 4065 est.

233 4103 282 4174 Β.
310 4102 388 4174 Scis
405 4116 528 4175 autem
546 4127 592 4175 ex
612 4105 713 4177 falsis
730 4126 868 4191 verum,
895 4100 964 4173 etsi
990 4122 1064 4171 non
1090 4108 1220 4171 contra

181 4241 227 4289 ex
241 4216 335 4288 veris
352 4215 494 4302 falsum,
507 4216 677 4289 concludi
692 4240 809 4314 posse.
843 4214 944 4287 Idem
963 4213 1092 4285 eodem
1109 4212 1219 4284 modo
1334 4217 1337 4222 “

182 4329 387 4426 Propositio
415 4328 452 4400 ir
479 4328 609 4423 probat
635 4328 680 4401 de
698 4327 853 4402 conoide
876 4325 1099 4423 parabolica,
1121 4323 1220 4420 quod
