2946 5010
398 429 710 484 unnnnusnscm
731 431 972 484 nonsunnm.
1128 418 1196 485 183

162 599 315 673 ticornm
340 598 506 672 continue
528 597 781 689 crescentium,
805 624 830 672 o
850 609 993 699 puncto
1015 600 1075 673 oet
1095 609 1119 674 0
1141 600 1197 674 in-
1233 627 1383 671 01110001

161 714 403 796 ctootoomm5
438 712 540 785 cotio
575 736 684 809 quom
717 711 826 786 habet
861 712 931 786 iilo
972 712 1026 786 oct
1064 712 1198 786 seriem
1238 711 1380 813 „L

161 827 311 900 totidem
327 825 496 898 monime
513 824 717 923 eqnotinm,
735 823 960 925 subtriplum
979 824 1199 923 mperobit;

160 939 305 1035 eritque
322 960 495 1010 excessus
513 961 560 1009 eo
582 936 696 1025 notio,
722 961 831 1033 qnam
859 936 973 1011 habet
996 937 1121 1012 unitos
1150 938 1204 1012 od

160 1048 365 1148 sextuplum
381 1050 521 1123 numeri
541 1050 774 1123 terminorum
795 1060 884 1148 post
908 1061 957 1136 0;
982 1051 1071 1141 oioe,
1089 1075 1200 1150 quom

160 1162 272 1237 habet
288 1162 404 1235 rodim
421 1163 648 1259 quadraticu
668 1163 815 1236 termini
831 1164 951 1262 primi
971 1173 1061 1263 post
1083 1174 1119 1255 0,
1146 1164 1202 1239 od

160 1274 369 1375 sextuplum
389 1275 535 1348 radicis
558 1277 793 1373 quadraticae
816 1277 963 1351 termini
986 1277 1199 1352 monimi-

162 1389 267 1463 Clare
284 1390 345 1462 hic
361 1389 535 1486 loquutus
552 1402 619 1462 est.

213 1503 260 1576 B.
288 1502 472 1599 intelligo.
541 1503 747 1592 Rationem,
783 1527 893 1600 quem
935 1501 1046 1576 habet
1087 1504 1199 1578 series

162 1616 405 1689 crescentium
419 1616 467 1688 ad
485 1616 616 1689 seriem
634 1615 788 1689 totidem
806 1616 974 1689 mnximae
990 1616 1199 1713 aequalium,

161 1731 337 1824 majorem
353 1751 432 1800 esse
447 1728 536 1801 dicit
554 1752 663 1824 quum
681 1728 774 1801 ratio
793 1738 807 1802 l
826 1729 873 1801 ad
891 1737 926 1817 3,
939 1738 1043 1802 tanto
1061 1741 1200 1824 quanto

162 1853 217 1914 est
233 1841 327 1914 ratio
344 1840 496 1914 unitatis
513 1841 559 1914 ad
578 1839 785 1937 sextuplum
803 1842 946 1915 numeri
960 1841 1201 1915 terminorum

162 1977 246 2063 post
263 1975 298 2056 0,
313 1967 384 2039 hoc
402 1979 468 2056 est,
486 1966 525 2038 in
542 1967 636 2039 serie
657 1950 792 2065 ffi—H,
815 1965 961 2060 (=-,‘3),
980 1965 1160 2039 rationem
1178 1976 1200 2039 5

162 2085 210 2158 ad
237 2095 281 2159 12
310 2085 485 2178 majorem
512 2107 592 2156 esse
614 2085 756 2158 ratione
778 2094 791 2158 1
815 2084 862 2158 ud
887 2094 909 2158 3
931 2083 1007 2157 sive
1030 2093 1052 2156 4
1075 2084 1124 2158 ud
1144 2093 1201 2174 12,

163 2210 267 2272 tanto
286 2209 422 2293 quantu
438 2208 496 2269 est
512 2197 608 2270 ratio
631 2207 645 2269 1
667 2196 716 2269 ud
737 2206 792 2272 12.

214 2313 262 2385 Α.
290 2312 405 2384 Recte
422 2310 608 2406 intelligis.
658 2312 724 2384 Est
754 2320 877 2384 autem
908 2308 1050 2383 falsum.
1104 2307 1202 2382 Nam

163 2425 257 2499 ratio
287 2434 308 2496 5
340 2424 388 2496 ad
419 2432 462 2497 12
493 2423 643 2518 aequnlis
671 2434 769 2498 esset
797 2423 972 2497 ambabus
1003 2421 1110 2495 simul
1143 2444 1203 2495 ru-

163 2538 324 2611 tionibus
343 2547 356 2609 l
379 2536 426 2608 ad
451 2545 473 2608 3
496 2543 569 2609 etl
591 2536 639 2609 ad
660 2546 725 2611 12:
752 2560 834 2633 quae
864 2537 1024 2609 rationes
1053 2558 1203 2631 compo-

164 2651 254 2739 sitse,
279 2652 386 2745 juxta
408 2649 656 2722 definitionem
675 2650 791 2722 Elem.
809 2649 856 2721 vi.
876 2656 911 2738 5,
929 2648 1070 2721 iaciunt
1091 2648 1204 2721 ratio-

164 2788 248 2836 nem
275 2773 287 2836 l
317 2763 363 2835 ad
392 2772 452 2835 36.
516 2763 584 2836 Est
613 2787 700 2859 ergo
730 2764 824 2836 ratio
852 2771 872 2834 5
900 2762 1018 2835 01112
1053 2760 1203 2858 aequulis

164 2878 298 2952 rationi
321 2887 333 2950 l
356 2876 403 2949 ad
422 2885 481 2949 36.
534 2877 601 2949 Vel
616 2877 646 2950 si
663 2878 760 2949 inter
775 2885 795 2949 5
811 2888 849 2949 et
866 2885 909 2949 12
927 2876 1204 2971 interponamus

164 3001 199 3077 4,
218 3002 259 3063 ut
276 2991 350 3062 sint
368 3001 442 3062 tres
461 2989 684 3084 quantitates
704 2997 739 3078 5,
761 2999 796 3074 4,
819 2997 875 3076 12,
905 2987 1000 3060 ratio
1027 2986 1156 3083 primae
1180 2993 1202 3058 5

163 3104 210 3176 ad
229 3103 376 3176 tertiam
400 3111 440 3174 12
460 3103 577 3197 major
605 3102 674 3174 erit
703 3101 846 3174 ratione
870 3111 891 3173 4
917 3100 965 3173 ad
987 3109 1042 3188 12,
1072 3099 1111 3172 id
1137 3112 1203 3187 est,

164 3217 305 3289 ratione
333 3213 523 3310 subtripla,
554 3224 659 3286 tanto
691 3222 828 3307 quantu
853 3222 910 3285 est
935 3212 1030 3285 ratio
1052 3221 1073 3283 5
1095 3209 1142 3282 ad
1166 3218 1203 3281 4.

166 3330 305 3423 ltaque,
337 3351 404 3423 per
431 3327 568 3398 bonum
601 3336 763 3398 vestrum
790 3325 1046 3422 professorem,
1075 3323 1204 3397 eudem

166 3452 220 3514 est
237 3440 477 3514 1011050114
497 3451 534 3512 et
555 3448 570 3512 l
592 3438 640 3512 ad
661 3447 719 3513 12.

214 3556 264 3627 Β.
291 3556 404 3627 Error
421 3552 634 3626 manifestus
658 3563 727 3641 est,
751 3561 788 3623 et
816 3548 964 3645 quidem
989 3551 1107 3645 major
1129 3548 1204 3636 illo,

166 3691 275 3763 quem
304 3666 438 3739 erravit
472 3666 510 3738 in
538 3663 707 3738 doctrina
737 3661 936 3759 spinolium.
989 3662 1100 3737 Quod
1129 3684 1204 3735 non

164 3782 271 3855 facile
288 3780 535 3854 credidissem.

216 3896 264 3967 A.
291 3894 384 3966 Vide
397 3896 475 3989 jam
490 3893 528 3966 id
542 3891 641 3988 quod
655 3891 739 3964 inde
753 3888 875 3978 infert,
889 3911 1031 3983 nempe,
1046 3886 1077 3959 si
1094 3886 1204 3960 series

165 4011 243 4082 haec
262 4007 477 4103 quadreticu
498 4015 592 4078 esset
616 4004 769 4090 infinita,
794 4025 935 4075 summa
962 3998 1205 4073 crescentium

164 4122 213 4194 ad
230 4143 408 4193 summam
426 4118 580 4191 totidem
598 4116 850 4202 maximarum,
865 4124 961 4185 esset
978 4122 1148 4185 accurate
1165 4112 1205 4185 in

164 4235 307 4307 ratione
335 4241 349 4305 l
375 4231 423 4304 ad
448 4239 481 4303 3.
535 4229 596 4301 Sic
631 4229 728 4301 enim
755 4223 1041 4323 probat—Cnm
1071 4234 1203 4314 antem,

166 4353 353 4418 crescente
369 4366 516 4416 monuero
536 4341 784 4429 terminorum,
801 4362 974 4413 enee-sens
994 4336 1061 4411 itte
1086 4360 1205 4436 cupro
