2946 5010
315 431 364 498 22
531 444 801 499 nxnumnmo
821 446 872 498 nu
890 446 1138 499 nununnrro

131 637 281 683 arctoam
365 613 415 687 Α.
442 613 568 688 Recte.
619 615 691 689 Sed
709 615 864 689 discedis
877 617 955 712 jam
972 639 995 688 a
1010 614 1124 688 libris.

132 722 275 828 „L

365 727 415 801 B.
442 726 609 803 Quidni?

366 839 415 915 Α.
442 840 685 915 Procedamus
698 841 1124 938 adalia—Quamquam
1137 848 1261 912 autem
1274 837 1353 912 dac

316 953 437 1026 omnia
454 953 493 1026 in
513 953 725 1054 disciplinis
746 953 1012 1028 mathematicis
1037 961 1256 1042 tractentur,
1283 977 1353 1025 non

317 1075 440 1140 tamen
449 1090 527 1166 per
542 1091 585 1141 ae
601 1078 640 1141 et
648 1067 845 1166 primario,
862 1068 934 1141 aed
946 1075 1126 1166 qnatenus
1137 1065 1198 1140 acl
1211 1090 1354 1139 mman-

317 1190 452 1253 rantm
467 1179 529 1254 oet
541 1189 793 1255 numerantur.

366 1292 417 1366 B.
455 1292 513 1366 Ne
542 1293 633 1367 mihi
674 1292 823 1389 quidem
852 1292 923 1365 hoc
957 1292 1106 1389 placet;
1142 1291 1354 1388 'propterea

317 1406 416 1503 quod
429 1406 668 1504 geometriam
677 1406 753 1503 ipse
766 1405 897 1479 definit
907 1405 1058 1479 inferius
1072 1404 1262 1478 scientiam
1275 1426 1353 1476 esse

317 1517 593 1616 magnitudinis,
611 1529 790 1614 quatenus
817 1531 875 1594 est
902 1517 1166 1608 mensurabilis,
1185 1529 1223 1590 et
1240 1515 1354 1591 arith-

317 1632 488 1705 meticam
505 1630 695 1705 scientiam
712 1655 791 1705 esse
807 1632 963 1722 numeri,
982 1642 1161 1729 quatenus
1183 1654 1353 1704 numera-

317 1743 412 1818 bilis.
467 1745 597 1840 Itaque
614 1745 829 1842 magnitudo
848 1760 887 1820 et
912 1769 1087 1820 numerus
1111 1768 1187 1818 non
1203 1743 1354 1817 meliore

312 1857 409 1953 jure,
427 1881 472 1931 ex
497 1857 594 1931 illius
618 1860 813 1950 sententia,
844 1860 1069 1958 quantitates
1094 1869 1182 1932 sunt
1207 1856 1353 1954 proprie

317 1969 437 2061 dictae,
449 1995 559 2067 qnam
575 1971 648 2045 illae
664 1973 790 2047 alterae
806 1974 920 2065 locus,
938 1985 1094 2070 tempus,
1112 1981 1246 2061 motae,
1265 1981 1337 2044 etc.

366 2084 417 2158 A.
442 2084 555 2158 Vides
578 2108 667 2182 ergo
691 2087 948 2160 necessitatem
976 2086 1076 2159 circa
1102 2083 1273 2158 scientias
1298 2083 1352 2156 lo-

315 2197 452 2293 quendi
468 2199 604 2294 ubique
621 2215 748 2295 ἀκριβῶς.
801 2199 898 2273 Nam
920 2199 984 2295 qui
1009 2198 1063 2271 ita
1086 2220 1161 2270 non
1183 2196 1352 2284 fecerint,

314 2310 419 2384 obliti
446 2333 572 2383 eorum
590 2334 672 2406 quae
689 2312 923 2408 scripserant,
940 2334 1060 2407 neque
1084 2310 1261 2383 habentes
1283 2309 1353 2406 ipsi

314 2422 416 2496 ideas
446 2446 581 2513 rerum,
609 2434 788 2520 cogentur
817 2423 1051 2519 sibimetipsis
1078 2423 1236 2519 turpiter
1265 2447 1352 2497 con-

315 2535 508 2609 tradicere.

363 2645 411 2720 B.
438 2646 497 2721 Da
513 2670 636 2742 quaeso
666 2649 839 2740 acientiae,
866 2674 976 2746 quam
999 2649 1186 2747 appellant
1211 2648 1353 2722 mathe-

314 2762 500 2850 maticam,
518 2760 769 2835 definitionem
786 2762 946 2859 aliquam
962 2774 1184 2836 accuratam.

366 2874 414 2947 A.
441 2874 532 2947 Mox
573 2874 717 2950 faciam.
782 2875 964 2972 Legamus
998 2876 1140 2948 interea
1172 2875 1352 2947 rationem

314 2986 427 3083 ipsius
454 2987 613 3062 nominis
640 2987 908 3062 mathematica
938 2988 1037 3085 apud
1056 2987 1287 3069 Wallisium;
1314 2996 1353 3058 et

314 3123 427 3196 quare
440 3100 586 3174 videtur
605 3101 660 3175 illi
672 3102 883 3198 impositum
901 3126 979 3175 esse
992 3102 1078 3175 solis
1091 3099 1301 3197 geometriae
1315 3109 1353 3172 et

314 3214 662 3290 arithmeticae.—Si
687 3215 733 3288 de
755 3215 1025 3289 Mathematam
1041 3215 1119 3287 aive
1136 3212 1352 3286 Matheacoa

314 3328 456 3401 nomine
483 3338 691 3426 quaretur,
723 3352 790 3401 car
819 3329 892 3402 hac
917 3327 1172 3427 appellatione
1195 3325 1351 3422 insigni·

314 3449 425 3513 antur
442 3441 520 3514 itta
533 3441 769 3539 decerptam
795 3440 1164 3541 ideofortnceefnit,
1181 3438 1352 3536 qnoniam

314 3554 536 3627 mathemata
556 3554 661 3652 apud
686 3553 817 3628 multoe
839 3555 985 3653 quidem
1009 3554 1103 3643 sota,
1126 3552 1234 3650 apud
1256 3550 1352 3623 atior

315 3666 549 3765 antiquaram
559 3668 686 3767 prima
701 3678 786 3742 ante
802 3668 904 3744 alias
919 3668 1143 3768 disciplinae
1160 3667 1240 3740 loca
1253 3664 1352 3738 edia-

315 3778 487 3853 cebantm
498 3808 513 3865 ,·
535 3781 711 3878 adeoque,
741 3799 796 3854 κατ’
810 3795 916 3873 ἐξοχὴν,
935 3791 1090 3873 μαθήματα
1116 3780 1228 3869 dicta,
1264 3777 1351 3875 qaia

313 3895 761 3986 apameam-Quoniam
773 3894 852 3966 haec
869 3893 922 3966 ait
924 3892 1105 3990 fortasse
1115 3895 1171 3967 ita
1181 3916 1273 3979 ease,
1284 3914 1352 3964 nos

314 4025 459 4099 quoque
470 4003 649 4101 sortasse
666 4007 773 4080 aliter
790 4029 958 4079 essenon
975 4006 1095 4079 minus
1112 4004 1353 4102 probabiliter

313 4116 493 4191 affirmare
503 4143 708 4216 possumus.
740 4120 909 4192 Fortasse
921 4143 1009 4216 ergo
1019 4118 1206 4217 fuit,quod
1215 4118 1351 4192 veritas

283 4331 285 4334 .
313 4229 581 4306 theorematum
593 4233 691 4307 eirca
700 4231 1120 4329 magnitudinesmntnm
1132 4244 1169 4307 et
1179 4255 1351 4305 numeros

312 4343 513 4440 antiquitus
531 4345 744 4432 docebatur,
769 4355 806 4418 et
827 4358 1023 4443 propterea
1038 4372 1061 4422 a
1077 4346 1261 4443 magistris
1279 4346 1351 4419 dis·
