2946 5010
360 401 942 457 maruumarrcmuoomaum.
1104 391 1171 458 109

179 566 226 641 Β.
254 566 329 641 Sed
346 569 530 665 quomodo
549 571 768 666 corrigenda
785 571 869 644 est?

181 680 230 753 Α.
258 680 332 753 Sic.
364 680 549 754 Numerus
562 707 745 756 nonaerum
759 682 1011 781 multiplicare
1023 684 1174 774 dicitur,

129 793 277 891 quondo
293 804 382 891 quot
399 805 484 866 runt
501 795 539 867 in
557 795 625 868 illo
637 795 811 885 unitates,
824 797 936 869 toties
949 798 1177 895 componitur

129 905 200 992 tic,
218 916 257 979 et
273 905 414 1004 aliquia
427 909 493 1002 fit.

179 1019 227 1092 B.
255 1020 394 1098 Recte:
426 1033 463 1094 et
493 1032 569 1093 tam
599 1044 713 1116 parva
744 1021 948 1094 mutatione
982 1021 1178 1096 emendata

129 1145 197 1222 est,
214 1147 258 1206 ut
281 1135 359 1207 sine
381 1133 457 1206 ullo
481 1135 694 1230 geometriae
722 1135 869 1236 damno,
892 1135 962 1207 etsi
985 1148 1177 1231 peccatum

129 1245 177 1318 ait
193 1257 324 1318 contra
340 1246 511 1342 logicam,
529 1246 710 1341 potuisset
726 1246 889 1319 retineri.

179 1356 226 1431 A.
253 1359 375 1432 Etiam
409 1359 640 1432 retinebitur.
709 1360 866 1455 Reliqua
904 1361 1035 1455 capitis
1068 1360 1176 1457 hujus

129 1470 259 1545 eadem
286 1484 372 1547 suut
400 1498 482 1569 quae
507 1474 619 1571 vulgo
647 1474 856 1558 traduntur,
884 1473 950 1546 sed
974 1475 1176 1564 verbosius,

128 1584 294 1682 adeoque
320 1585 512 1660 obscurius
541 1588 588 1660 ab
605 1587 782 1660 Wallisio.
837 1586 947 1662 Quod
973 1597 1097 1660 autem
1128 1589 1176 1661 ad

129 1699 353 1794 operationis
367 1700 718 1773 demonstrationem
731 1700 888 1772 attinere
899 1700 1077 1788 videatur,
1086 1701 1176 1774 nihil

129 1813 260 1897 affert3
286 1836 406 1909 neque
429 1837 517 1885 vero
545 1837 637 1909 opus
665 1824 744 1886 erat
770 1823 811 1885 ut
836 1813 994 1900 afferret,
1019 1837 1115 1901 cum,
1133 1825 1177 1886 ut

126 1926 204 2020 jam
221 1927 355 2022 saepius
372 1925 460 2015 dixi,
487 1926 567 2021 ipsa
584 1926 749 2022 operatio
773 1924 938 2022 perfecta
955 1926 1004 1997 sit
1020 1925 1175 2022 perfecti

129 2039 251 2136 operis
269 2037 545 2113 demonstratio.

178 2149 226 2226 Β.
254 2150 430 2248 Sequitur
447 2151 567 2247 Caput
584 2152 671 2237 xix„
689 2150 751 2225 De
764 2151 968 2225 Diuisione.

177 2261 224 2338 A.
252 2264 356 2337 Nihil
389 2264 449 2337 hic
479 2265 587 2338 video
618 2266 705 2338 novi
734 2277 869 2362 praeter
900 2265 1071 2338 tritarum
1097 2266 1174 2359 jam

127 2377 292 2450 omnium
309 2377 476 2451 manibus
492 2378 705 2474 regularum
723 2378 1008 2452 declarationem
1026 2379 1174 2473 longam

128 2500 166 2562 et
181 2489 366 2586 frigidam,
385 2502 435 2580 et,
454 2491 635 2588 siquidem
658 2491 697 2564 id
724 2493 792 2564 tibi
820 2491 959 2587 aliquid
977 2491 1174 2580 videbitur,

127 2604 351 2699 operationis
370 2604 526 2677 formam
544 2605 737 2700 aliquoties
755 2605 943 2676 variatam.

179 2716 228 2791 B.
256 2716 489 2813 Operationis
500 2716 654 2815 alicujus
666 2718 822 2791 formam
832 2717 975 2789 variare
989 2741 1062 2789 uon
1075 2717 1174 2812 equi·

128 2829 212 2902 dem
226 2829 374 2904 difficile
387 2854 465 2904 esse
479 2832 638 2905 arbitror
651 2832 707 2920 iis,
722 2832 786 2927 qui
798 2831 953 2904 formam
967 2833 1045 2925 ejus
1063 2854 1175 2902 uuam

128 2942 288 3038 aliquam
311 2945 390 3040 jam
415 2944 637 3040 intelligunt,
656 2945 686 3017 si
708 2955 833 3016 tamen
855 2943 927 3016 alio
946 2942 1075 3016 etalio
1093 2942 1174 3016 loco

128 3056 289 3129 scribere
314 3055 509 3145 residuam,
526 3057 585 3129 vel
602 3057 675 3129 alio
693 3069 804 3153 atque
822 3057 893 3129 alio
911 3056 1021 3130 modo
1040 3056 1174 3129 diviso-

126 3190 206 3240 rem
223 3168 466 3265 multiplicare
485 3180 524 3241 et
541 3169 758 3260 subducere,
775 3169 932 3242 formam
951 3170 1174 3265 operationis

127 3303 260 3354 novam
291 3283 515 3356 constituere
537 3281 734 3356 dicendum
761 3283 820 3355 sit.
873 3282 1110 3354 Additiouem
1135 3291 1174 3354 et

126 3394 409 3468 subductionem
438 3395 605 3468 radicum
629 3395 925 3493 quadraticarum
950 3396 1173 3491 praetermis-

125 3530 206 3580 sam
223 3508 270 3581 ab
287 3507 452 3581 Wallisio
470 3509 507 3581 in
525 3509 624 3582 huuc
646 3510 768 3581 locum
786 3508 955 3603 rejecisti.
1009 3506 1173 3581 Ostende

126 3644 216 3717 ergo
243 3644 354 3710 nuuc,
373 3644 446 3716 qua
471 3620 645 3693 methodo
673 3621 905 3717 operationes
931 3620 1002 3693 illae
1028 3618 1170 3716 perfici-

124 3745 237 3807 antur
260 3732 567 3823 commodissime,
586 3733 625 3806 id
651 3746 718 3822 est,
736 3734 800 3806 ubi
813 3734 894 3806 fieri
911 3744 1045 3828 potest,
1064 3756 1171 3805 accu-

124 3845 331 3927 ratissime;
349 3845 414 3918 ubi
431 3846 510 3918 fieri
528 3868 602 3918 non
619 3856 754 3942 potest,
769 3870 853 3918 cum
871 3845 1021 3917 minimo
1036 3868 1171 3918 errore.

175 3960 226 4034 A.
254 3958 329 4032 Sed
356 3958 625 4031 ostendendum
643 3961 761 4056 primo
779 3971 836 4031 est
858 3957 1044 4053 quomodo
1068 3958 1171 4033 radix

124 4073 345 4170 quadratica
361 4071 639 4170 multiplicanda
656 4073 705 4145 sit
721 4096 787 4169 per
804 4094 1008 4144 numerum.
1063 4071 1174 4145 Radi-

123 4212 202 4262 cem
221 4199 350 4262 autem
367 4208 433 4280 per
450 4209 644 4260 numerum
662 4185 931 4282 multiplicandi
948 4185 1076 4281 regula
1092 4185 1172 4259 haec

122 4315 189 4377 est.
245 4298 463 4377 Quadratum
480 4309 560 4373 tum
578 4325 753 4376 numerus
766 4312 845 4375 tum
863 4300 990 4385 radix;
1009 4313 1047 4374 et
1058 4299 1173 4397 quad-

1213 594 1365 637 oratorius

1216 679 1361 784 »Ξῖ-ι
