<?xml version="1.0" encoding="UTF-8"?>
<!DOCTYPE html PUBLIC "-//W3C//DTD XHTML 1.0 Transitional//EN"
    "http://www.w3.org/TR/xhtml1/DTD/xhtml1-transitional.dtd">
<html xmlns="http://www.w3.org/1999/xhtml" xml:lang="en" lang="en">
 <head>
  <title>
</title>
<meta http-equiv="Content-Type" content="text/html;charset=utf-8" />
  <meta name='ocr-system' content='tesseract 3.04.00' />
  <meta name='ocr-capabilities' content='ocr_page ocr_carea ocr_par ocr_line ocrx_word'/>
</head>
<body>
  <div class='ocr_page' id='page_1' title='image "./thomhobbesmalme01hobbgoog_0382.png"; bbox 0 0 2946 5010; ppageno 0'>
   <div class='ocr_carea' id='block_1_1' title="bbox 405 400 1211 480">
    <p class='ocr_par' dir='ltr' id='par_1_1' title="bbox 405 400 1211 480">
     <span class='ocr_line' id='line_1_1' title="bbox 405 400 1211 480; baseline -0.007 -5"><span class='ocrx_word' id='word_1_1' title='bbox 405 423 460 475; x_wconf 87' lang='lat' dir='ltr'>nu</span> <span class='ocrx_word' id='word_1_2' title='bbox 480 420 782 475; x_wconf 75' lang='lat' dir='ltr'>nncnrrumnu</span> <span class='ocrx_word' id='word_1_3' title='bbox 803 418 986 473; x_wconf 81' lang='lat' dir='ltr'>crucum.</span> <span class='ocrx_word' id='word_1_4' title='bbox 1138 400 1211 480; x_wconf 84' lang='grc'>373</span> 
     </span>
    </p>
   </div>
   <div class='ocr_carea' id='block_1_2' title="bbox 171 585 1409 1140">
    <p class='ocr_par' dir='ltr' id='par_1_2' title="bbox 171 585 1409 913">
     <span class='ocr_line' id='line_1_2' title="bbox 173 585 1409 686; baseline -0.008 -22"><span class='ocrx_word' id='word_1_5' title='bbox 173 589 421 673; x_wconf 56' lang='lat' dir='ltr'>indicatura</span> <span class='ocrx_word' id='word_1_6' title='bbox 455 601 492 664; x_wconf 90' lang='lat' dir='ltr'>et</span> <span class='ocrx_word' id='word_1_7' title='bbox 517 599 723 686; x_wconf 87' lang='lat' dir='ltr'>propterea,</span> <span class='ocrx_word' id='word_1_8' title='bbox 751 598 924 679; x_wconf 85' lang='lat' dir='ltr'>sectores,</span> <span class='ocrx_word' id='word_1_9' title='bbox 959 597 997 661; x_wconf 89' lang='lat' dir='ltr'>et</span> <span class='ocrx_word' id='word_1_10' title='bbox 1028 585 1214 682; x_wconf 83' lang='lat' dir='ltr'>triangula</span> <span class='ocrx_word' id='word_1_11' title='bbox 1245 613 1409 656; x_wconf 69' lang='lat' dir='ltr'>senonum.</span> 
     </span>
     <span class='ocr_line' id='line_1_3' title="bbox 172 681 1395 800; baseline -0.006 -22"><span class='ocrx_word' id='word_1_12' title='bbox 172 717 209 778; x_wconf 89' lang='lat' dir='ltr'>et</span> <span class='ocrx_word' id='word_1_13' title='bbox 238 703 453 800; x_wconf 86' lang='lat' dir='ltr'>rectaugula</span> <span class='ocrx_word' id='word_1_14' title='bbox 474 704 628 788; x_wconf 89' lang='lat' dir='ltr'>minuta,</span> <span class='ocrx_word' id='word_1_15' title='bbox 645 727 713 800; x_wconf 93' lang='lat' dir='ltr'>pro</span> <span class='ocrx_word' id='word_1_16' title='bbox 736 702 843 776; x_wconf 89' lang='lat' dir='ltr'>lincis</span> <span class='ocrx_word' id='word_1_17' title='bbox 869 703 981 776; x_wconf 87' lang='lat' dir='ltr'>rectis</span> <span class='ocrx_word' id='word_1_18' title='bbox 1007 700 1213 797; x_wconf 89' lang='lat' dir='ltr'>promiscue</span> <span class='ocrx_word' id='word_1_19' title='bbox 1252 681 1395 720; x_wconf 59' lang='lat'>“⁹“</span> 
     </span>
     <span class='ocr_line' id='line_1_4' title="bbox 171 813 1213 913; baseline -0.005 -23"><span class='ocrx_word' id='word_1_20' title='bbox 171 841 315 913; x_wconf 88' lang='lat' dir='ltr'>semper</span> <span class='ocrx_word' id='word_1_21' title='bbox 328 817 562 901; x_wconf 89' lang='lat' dir='ltr'>numeravit;</span> <span class='ocrx_word' id='word_1_22' title='bbox 588 815 682 888; x_wconf 88' lang='lat' dir='ltr'>adeo</span> <span class='ocrx_word' id='word_1_23' title='bbox 701 825 742 888; x_wconf 88' lang='lat' dir='ltr'>ut</span> <span class='ocrx_word' id='word_1_24' title='bbox 765 814 999 888; x_wconf 85' lang='lat' dir='ltr'>Elementum</span> <span class='ocrx_word' id='word_1_25' title='bbox 1017 813 1213 904; x_wconf 87' lang='lat' dir='ltr'>decimum,</span> 
     </span>
    </p>

    <p class='ocr_par' dir='ltr' id='par_1_3' title="bbox 171 927 1213 1026">
     <span class='ocr_line' id='line_1_5' title="bbox 171 927 1213 1026; baseline -0.002 -24"><span class='ocrx_word' id='word_1_26' title='bbox 171 930 310 1026; x_wconf 90' lang='lat' dir='ltr'>ingenii</span> <span class='ocrx_word' id='word_1_27' title='bbox 328 929 476 1026; x_wconf 83' lang='lat' dir='ltr'>quidem</span> <span class='ocrx_word' id='word_1_28' title='bbox 492 929 618 1026; x_wconf 85' lang='lat' dir='ltr'>magni</span> <span class='ocrx_word' id='word_1_29' title='bbox 644 928 840 1024; x_wconf 87' lang='lat' dir='ltr'>specimen,</span> <span class='ocrx_word' id='word_1_30' title='bbox 859 928 925 1003; x_wconf 88' lang='lat' dir='ltr'>sed</span> <span class='ocrx_word' id='word_1_31' title='bbox 940 928 1082 1018; x_wconf 91' lang='lat' dir='ltr'>inutile,</span> <span class='ocrx_word' id='word_1_32' title='bbox 1101 927 1213 1001; x_wconf 87' lang='lat' dir='ltr'>etiam</span> 
     </span>
    </p>

    <p class='ocr_par' dir='ltr' id='par_1_4' title="bbox 171 1040 816 1140">
     <span class='ocr_line' id='line_1_6' title="bbox 171 1040 816 1140; baseline -0.003 -24"><span class='ocrx_word' id='word_1_33' title='bbox 171 1068 305 1140; x_wconf 84' lang='lat' dir='ltr'>magna</span> <span class='ocrx_word' id='word_1_34' title='bbox 322 1055 427 1140; x_wconf 90' lang='lat' dir='ltr'>parte</span> <span class='ocrx_word' id='word_1_35' title='bbox 444 1043 626 1116; x_wconf 90' lang='lat' dir='ltr'>incertum</span> <span class='ocrx_word' id='word_1_36' title='bbox 643 1040 816 1115; x_wconf 87' lang='lat' dir='ltr'>reddidit.</span> 
     </span>
    </p>
   </div>
   <div class='ocr_carea' id='block_1_3' title="bbox 472 1270 915 1325">
    <p class='ocr_par' dir='ltr' id='par_1_5' title="bbox 472 1270 915 1325">
     <span class='ocr_line' id='line_1_7' title="bbox 472 1270 915 1325; baseline 0.002 -1"><span class='ocrx_word' id='word_1_37' title='bbox 472 1270 763 1324; x_wconf 76' lang='lat' dir='ltr'>consrnucrlo</span> <span class='ocrx_word' id='word_1_38' title='bbox 800 1271 915 1325; x_wconf 78' lang='lat' dir='ltr'>cum.</span> 
     </span>
    </p>
   </div>
   <div class='ocr_carea' id='block_1_4' title="bbox 172 1387 1218 3180">
    <p class='ocr_par' dir='ltr' id='par_1_6' title="bbox 172 1387 1218 3180">
     <span class='ocr_line' id='line_1_8' title="bbox 223 1387 1214 1487; baseline -0.001 -24"><span class='ocrx_word' id='word_1_39' title='bbox 223 1390 280 1463; x_wconf 90' lang='lat' dir='ltr'>Sit</span> <span class='ocrx_word' id='word_1_40' title='bbox 313 1388 400 1462; x_wconf 90' lang='lat' dir='ltr'>data</span> <span class='ocrx_word' id='word_1_41' title='bbox 433 1399 535 1462; x_wconf 88' lang='lat' dir='ltr'>recta</span> <span class='ocrx_word' id='word_1_42' title='bbox 565 1410 794 1484; x_wconf 73' lang='lat' dir='ltr'>quaecunque</span> <span class='ocrx_word' id='word_1_43' title='bbox 817 1387 895 1460; x_wconf 83' lang='lat' dir='ltr'>AG.</span> <span class='ocrx_word' id='word_1_44' title='bbox 948 1387 1214 1487; x_wconf 89' lang='lat' dir='ltr'>Descriptoque</span> 
     </span>
     <span class='ocr_line' id='line_1_9' title="bbox 173 1499 1214 1599; baseline 0 -23"><span class='ocrx_word' id='word_1_45' title='bbox 173 1505 218 1577; x_wconf 86' lang='lat' dir='ltr'>ab</span> <span class='ocrx_word' id='word_1_46' title='bbox 243 1527 286 1575; x_wconf 89' lang='lat' dir='ltr'>ea</span> <span class='ocrx_word' id='word_1_47' title='bbox 313 1501 492 1599; x_wconf 89' lang='lat' dir='ltr'>quadrato</span> <span class='ocrx_word' id='word_1_48' title='bbox 521 1499 677 1574; x_wconf 90' lang='lat' dir='ltr'>ducatur</span> <span class='ocrx_word' id='word_1_49' title='bbox 708 1500 912 1597; x_wconf 82' lang='lat' dir='ltr'>diagonalis</span> <span class='ocrx_word' id='word_1_50' title='bbox 930 1501 995 1590; x_wconf 89' lang='grc' dir='ltr'>ΑΙ,</span> <span class='ocrx_word' id='word_1_51' title='bbox 1018 1503 1123 1598; x_wconf 87' lang='lat' dir='ltr'>cujus</span> <span class='ocrx_word' id='word_1_52' title='bbox 1147 1526 1214 1599; x_wconf 93' lang='lat' dir='ltr'>po-</span> 
     </span>
     <span class='ocr_line' id='line_1_10' title="bbox 172 1612 1215 1711; baseline 0.001 -22"><span class='ocrx_word' id='word_1_53' title='bbox 172 1616 290 1690; x_wconf 87' lang='lat' dir='ltr'>tentia</span> <span class='ocrx_word' id='word_1_54' title='bbox 315 1615 427 1711; x_wconf 90' lang='lat' dir='ltr'>dupla</span> <span class='ocrx_word' id='word_1_55' title='bbox 451 1626 508 1687; x_wconf 89' lang='lat' dir='ltr'>est</span> <span class='ocrx_word' id='word_1_56' title='bbox 532 1614 709 1708; x_wconf 87' lang='lat' dir='ltr'>potentiae</span> <span class='ocrx_word' id='word_1_57' title='bbox 733 1612 860 1687; x_wconf 90' lang='lat' dir='ltr'>lateris</span> <span class='ocrx_word' id='word_1_58' title='bbox 883 1612 961 1686; x_wconf 86' lang='lat' dir='ltr'>AG.</span> <span class='ocrx_word' id='word_1_59' title='bbox 1013 1614 1166 1705; x_wconf 89' lang='lat' dir='ltr'>Rursus,</span> <span class='ocrx_word' id='word_1_60' title='bbox 1192 1639 1215 1689; x_wconf 91' lang='lat' dir='ltr'>c</span> 
     </span>
     <span class='ocr_line' id='line_1_11' title="bbox 172 1725 1214 1826; baseline 0 -25"><span class='ocrx_word' id='word_1_61' title='bbox 172 1742 276 1801; x_wconf 88' lang='lat' dir='ltr'>recta</span> <span class='ocrx_word' id='word_1_62' title='bbox 305 1727 354 1800; x_wconf 90' lang='lat' dir='ltr'>ad</span> <span class='ocrx_word' id='word_1_63' title='bbox 380 1739 558 1823; x_wconf 92' lang='lat' dir='ltr'>puuctum</span> <span class='ocrx_word' id='word_1_64' title='bbox 589 1727 606 1799; x_wconf 95' lang='lat' dir='ltr'>l</span> <span class='ocrx_word' id='word_1_65' title='bbox 638 1726 802 1821; x_wconf 85' lang='lat' dir='ltr'>erigatur</span> <span class='ocrx_word' id='word_1_66' title='bbox 826 1725 1139 1823; x_wconf 79' lang='lat' dir='ltr'>perpendicularis</span> <span class='ocrx_word' id='word_1_67' title='bbox 1166 1728 1214 1826; x_wconf 80' lang='grc' dir='ltr'>Ιγ</span> 
     </span>
     <span class='ocr_line' id='line_1_12' title="bbox 173 1839 1213 1938; baseline -0.001 -23"><span class='ocrx_word' id='word_1_68' title='bbox 173 1840 324 1938; x_wconf 82' lang='lat' dir='ltr'>aequalis</span> <span class='ocrx_word' id='word_1_69' title='bbox 354 1840 460 1912; x_wconf 89' lang='lat' dir='ltr'>lateri</span> <span class='ocrx_word' id='word_1_70' title='bbox 482 1840 560 1929; x_wconf 86' lang='lat' dir='ltr'>AG,</span> <span class='ocrx_word' id='word_1_71' title='bbox 584 1841 833 1936; x_wconf 87' lang='lat' dir='ltr'>jungaturque</span> <span class='ocrx_word' id='word_1_72' title='bbox 852 1841 935 1937; x_wconf 74' lang='lat' dir='ltr'>Ay:</span> <span class='ocrx_word' id='word_1_73' title='bbox 961 1839 1101 1936; x_wconf 88' lang='lat' dir='ltr'>poterit</span> <span class='ocrx_word' id='word_1_74' title='bbox 1124 1863 1213 1937; x_wconf 86' lang='lat' dir='ltr'>ergo</span> 
     </span>
     <span class='ocr_line' id='line_1_13' title="bbox 172 1953 1213 2052; baseline -0.002 -24"><span class='ocrx_word' id='word_1_75' title='bbox 172 1955 236 2052; x_wconf 81' lang='grc' dir='ltr'>Αγ</span> <span class='ocrx_word' id='word_1_76' title='bbox 253 1954 405 2049; x_wconf 91' lang='lat' dir='ltr'>triplum</span> <span class='ocrx_word' id='word_1_77' title='bbox 422 1954 500 2049; x_wconf 91' lang='lat' dir='ltr'>ejus</span> <span class='ocrx_word' id='word_1_78' title='bbox 512 1953 610 2049; x_wconf 91' lang='lat' dir='ltr'>quod</span> <span class='ocrx_word' id='word_1_79' title='bbox 628 1965 751 2050; x_wconf 90' lang='lat' dir='ltr'>potest</span> <span class='ocrx_word' id='word_1_80' title='bbox 763 1953 845 2027; x_wconf 89' lang='lat' dir='ltr'>AG.</span> <span class='ocrx_word' id='word_1_81' title='bbox 883 1954 1037 2049; x_wconf 89' lang='lat' dir='ltr'>Eritque</span> <span class='ocrx_word' id='word_1_82' title='bbox 1054 1953 1213 2026; x_wconf 91' lang='lat' dir='ltr'>circulus</span> 
     </span>
     <span class='ocr_line' id='line_1_14' title="bbox 174 2064 1214 2163; baseline -0.001 -23"><span class='ocrx_word' id='word_1_83' title='bbox 174 2069 379 2163; x_wconf 89' lang='lat' dir='ltr'>descriptus</span> <span class='ocrx_word' id='word_1_84' title='bbox 407 2068 453 2139; x_wconf 91' lang='lat' dir='ltr'>ab</span> <span class='ocrx_word' id='word_1_85' title='bbox 481 2066 661 2139; x_wconf 90' lang='lat' dir='ltr'>diametro</span> <span class='ocrx_word' id='word_1_86' title='bbox 679 2067 755 2163; x_wconf 81' lang='grc' dir='ltr'>Αγ,</span> <span class='ocrx_word' id='word_1_87' title='bbox 782 2064 940 2138; x_wconf 92' lang='lat' dir='ltr'>circulus</span> <span class='ocrx_word' id='word_1_88' title='bbox 968 2065 1148 2139; x_wconf 84' lang='lat' dir='ltr'>maximus</span> <span class='ocrx_word' id='word_1_89' title='bbox 1175 2066 1214 2140; x_wconf 92' lang='lat' dir='ltr'>iu</span> 
     </span>
     <span class='ocr_line' id='line_1_15' title="bbox 173 2179 1212 2279; baseline -0.002 -24"><span class='ocrx_word' id='word_1_90' title='bbox 173 2183 317 2279; x_wconf 86' lang='lat' dir='ltr'>sphaera</span> <span class='ocrx_word' id='word_1_91' title='bbox 330 2182 368 2253; x_wconf 92' lang='lat' dir='ltr'>in</span> <span class='ocrx_word' id='word_1_92' title='bbox 380 2204 453 2277; x_wconf 94' lang='lat' dir='ltr'>quo</span> <span class='ocrx_word' id='word_1_93' title='bbox 472 2179 684 2254; x_wconf 88' lang='lat' dir='ltr'>inscribitur</span> <span class='ocrx_word' id='word_1_94' title='bbox 695 2181 811 2252; x_wconf 89' lang='lat' dir='ltr'>cubus</span> <span class='ocrx_word' id='word_1_95' title='bbox 825 2180 928 2274; x_wconf 90' lang='lat' dir='ltr'>cujus</span> <span class='ocrx_word' id='word_1_96' title='bbox 944 2179 1041 2253; x_wconf 89' lang='lat' dir='ltr'>latus</span> <span class='ocrx_word' id='word_1_97' title='bbox 1053 2191 1109 2252; x_wconf 89' lang='lat' dir='ltr'>est</span> <span class='ocrx_word' id='word_1_98' title='bbox 1123 2179 1212 2253; x_wconf 85' lang='lat' dir='ltr'>AG:</span> 
     </span>
     <span class='ocr_line' id='line_1_16' title="bbox 174 2292 1214 2390; baseline -0.001 -22"><span class='ocrx_word' id='word_1_99' title='bbox 174 2296 375 2390; x_wconf 87' lang='lat' dir='ltr'>eademque</span> <span class='ocrx_word' id='word_1_100' title='bbox 403 2292 553 2390; x_wconf 85' lang='lat' dir='ltr'>aequalis</span> <span class='ocrx_word' id='word_1_101' title='bbox 580 2303 691 2365; x_wconf 86' lang='lat' dir='ltr'>rectae</span> <span class='ocrx_word' id='word_1_102' title='bbox 714 2292 779 2365; x_wconf 90' lang='lat' dir='ltr'>FK</span> <span class='ocrx_word' id='word_1_103' title='bbox 796 2292 855 2365; x_wconf 87' lang='lat' dir='ltr'>vel</span> <span class='ocrx_word' id='word_1_104' title='bbox 883 2292 957 2380; x_wconf 80' lang='lat' dir='ltr'>Gk,</span> <span class='ocrx_word' id='word_1_105' title='bbox 980 2317 1062 2388; x_wconf 89' lang='lat' dir='ltr'>quae</span> <span class='ocrx_word' id='word_1_106' title='bbox 1085 2292 1214 2367; x_wconf 90' lang='lat' dir='ltr'>itidem</span> 
     </span>
     <span class='ocr_line' id='line_1_17' title="bbox 173 2404 1215 2505; baseline -0.003 -23"><span class='ocrx_word' id='word_1_107' title='bbox 173 2419 294 2505; x_wconf 90' lang='lat' dir='ltr'>potest</span> <span class='ocrx_word' id='word_1_108' title='bbox 327 2406 479 2504; x_wconf 89' lang='lat' dir='ltr'>triplum</span> <span class='ocrx_word' id='word_1_109' title='bbox 509 2406 588 2503; x_wconf 92' lang='lat' dir='ltr'>ejus</span> <span class='ocrx_word' id='word_1_110' title='bbox 620 2404 719 2501; x_wconf 92' lang='lat' dir='ltr'>quod</span> <span class='ocrx_word' id='word_1_111' title='bbox 746 2415 870 2502; x_wconf 89' lang='lat' dir='ltr'>potest</span> <span class='ocrx_word' id='word_1_112' title='bbox 894 2405 971 2480; x_wconf 81' lang='lat' dir='ltr'>AG.</span> <span class='ocrx_word' id='word_1_113' title='bbox 1039 2405 1215 2479; x_wconf 87' lang='lat' dir='ltr'>Similiter</span> 
     </span>
     <span class='ocr_line' id='line_1_18' title="bbox 173 2517 1216 2620; baseline -0.002 -25"><span class='ocrx_word' id='word_1_114' title='bbox 173 2522 394 2620; x_wconf 88' lang='lat' dir='ltr'>quadratum</span> <span class='ocrx_word' id='word_1_115' title='bbox 411 2544 434 2592; x_wconf 90' lang='lat' dir='ltr'>a</span> <span class='ocrx_word' id='word_1_116' title='bbox 451 2519 512 2592; x_wconf 86' lang='lat' dir='ltr'>CL</span> <span class='ocrx_word' id='word_1_117' title='bbox 530 2517 640 2591; x_wconf 86' lang='lat' dir='ltr'>tertia</span> <span class='ocrx_word' id='word_1_118' title='bbox 663 2541 748 2614; x_wconf 86' lang='lat' dir='ltr'>pars</span> <span class='ocrx_word' id='word_1_119' title='bbox 778 2530 835 2591; x_wconf 91' lang='lat' dir='ltr'>est</span> <span class='ocrx_word' id='word_1_120' title='bbox 858 2518 1028 2614; x_wconf 84' lang='lat' dir='ltr'>quadrati</span> <span class='ocrx_word' id='word_1_121' title='bbox 1045 2543 1067 2591; x_wconf 91' lang='lat' dir='ltr'>a</span> <span class='ocrx_word' id='word_1_122' title='bbox 1085 2518 1158 2608; x_wconf 85' lang='lat' dir='ltr'>BC,</span> <span class='ocrx_word' id='word_1_123' title='bbox 1177 2530 1216 2593; x_wconf 92' lang='lat' dir='ltr'>et</span> 
     </span>
     <span class='ocr_line' id='line_1_19' title="bbox 175 2631 1214 2727; baseline -0.001 -21"><span class='ocrx_word' id='word_1_124' title='bbox 175 2633 238 2706; x_wconf 87' lang='lat' dir='ltr'>BC</span> <span class='ocrx_word' id='word_1_125' title='bbox 256 2634 435 2707; x_wconf 87' lang='lat' dir='ltr'>diameter</span> <span class='ocrx_word' id='word_1_126' title='bbox 453 2631 607 2727; x_wconf 84' lang='lat' dir='ltr'>sphaerae</span> <span class='ocrx_word' id='word_1_127' title='bbox 620 2631 658 2702; x_wconf 92' lang='lat' dir='ltr'>in</span> <span class='ocrx_word' id='word_1_128' title='bbox 673 2653 745 2726; x_wconf 90' lang='lat' dir='ltr'>qua</span> <span class='ocrx_word' id='word_1_129' title='bbox 755 2631 871 2704; x_wconf 91' lang='lat' dir='ltr'>cubus</span> <span class='ocrx_word' id='word_1_130' title='bbox 884 2655 907 2704; x_wconf 91' lang='lat' dir='ltr'>a</span> <span class='ocrx_word' id='word_1_131' title='bbox 918 2631 982 2704; x_wconf 91' lang='lat' dir='ltr'>CL</span> <span class='ocrx_word' id='word_1_132' title='bbox 992 2631 1214 2706; x_wconf 87' lang='lat' dir='ltr'>inscribitur.</span> 
     </span>
     <span class='ocr_line' id='line_1_20' title="bbox 176 2743 1216 2844; baseline -0.003 -22"><span class='ocrx_word' id='word_1_133' title='bbox 176 2748 271 2822; x_wconf 78' lang='lat' dir='ltr'>Quae</span> <span class='ocrx_word' id='word_1_134' title='bbox 287 2745 477 2844; x_wconf 81' lang='lat' dir='ltr'>proportio</span> <span class='ocrx_word' id='word_1_135' title='bbox 495 2743 750 2816; x_wconf 89' lang='lat' dir='ltr'>universaliter</span> <span class='ocrx_word' id='word_1_136' title='bbox 767 2768 855 2818; x_wconf 86' lang='lat' dir='ltr'>vera</span> <span class='ocrx_word' id='word_1_137' title='bbox 880 2757 937 2819; x_wconf 89' lang='lat' dir='ltr'>est</span> <span class='ocrx_word' id='word_1_138' title='bbox 961 2746 1000 2818; x_wconf 94' lang='lat' dir='ltr'>in</span> <span class='ocrx_word' id='word_1_139' title='bbox 1026 2746 1126 2819; x_wconf 90' lang='lat' dir='ltr'>omni</span> <span class='ocrx_word' id='word_1_140' title='bbox 1149 2744 1216 2819; x_wconf 88' lang='lat' dir='ltr'>tri-</span> 
     </span>
     <span class='ocr_line' id='line_1_21' title="bbox 176 2858 1217 2957; baseline -0.001 -23"><span class='ocrx_word' id='word_1_141' title='bbox 176 2861 311 2957; x_wconf 90' lang='lat' dir='ltr'>angulo</span> <span class='ocrx_word' id='word_1_142' title='bbox 341 2858 569 2955; x_wconf 86' lang='lat' dir='ltr'>rectangulo,</span> <span class='ocrx_word' id='word_1_143' title='bbox 593 2860 697 2955; x_wconf 89' lang='lat' dir='ltr'>cujus</span> <span class='ocrx_word' id='word_1_144' title='bbox 724 2859 879 2954; x_wconf 88' lang='lat' dir='ltr'>angulus</span> <span class='ocrx_word' id='word_1_145' title='bbox 909 2884 1003 2933; x_wconf 93' lang='lat' dir='ltr'>unus</span> <span class='ocrx_word' id='word_1_146' title='bbox 1028 2871 1082 2934; x_wconf 91' lang='lat' dir='ltr'>est</span> <span class='ocrx_word' id='word_1_147' title='bbox 1105 2860 1217 2933; x_wconf 90' lang='lat' dir='ltr'>tertia</span> 
     </span>
     <span class='ocr_line' id='line_1_22' title="bbox 175 2971 1217 3070; baseline -0.002 -24"><span class='ocrx_word' id='word_1_148' title='bbox 175 2999 259 3070; x_wconf 90' lang='lat' dir='ltr'>pars</span> <span class='ocrx_word' id='word_1_149' title='bbox 278 2973 381 3046; x_wconf 88' lang='lat' dir='ltr'>recti.</span> <span class='ocrx_word' id='word_1_150' title='bbox 434 2972 562 3067; x_wconf 86' lang='lat' dir='ltr'>ltaque</span> <span class='ocrx_word' id='word_1_151' title='bbox 576 2971 638 3044; x_wconf 88' lang='lat' dir='ltr'>DS</span> <span class='ocrx_word' id='word_1_152' title='bbox 652 2971 803 3066; x_wconf 90' lang='lat' dir='ltr'>triplum</span> <span class='ocrx_word' id='word_1_153' title='bbox 819 2982 942 3068; x_wconf 90' lang='lat' dir='ltr'>potest</span> <span class='ocrx_word' id='word_1_154' title='bbox 955 2984 1067 3045; x_wconf 85' lang='lat' dir='ltr'>rectae</span> <span class='ocrx_word' id='word_1_155' title='bbox 1085 2971 1146 3045; x_wconf 87' lang='lat' dir='ltr'>SO</span> <span class='ocrx_word' id='word_1_156' title='bbox 1158 2971 1217 3044; x_wconf 87' lang='lat' dir='ltr'>vel</span> 
     </span>
     <span class='ocr_line' id='line_1_23' title="bbox 177 3083 1218 3180; baseline -0.002 -22"><span class='ocrx_word' id='word_1_157' title='bbox 177 3087 265 3170; x_wconf 89' lang='lat' dir='ltr'>RV;</span> <span class='ocrx_word' id='word_1_158' title='bbox 302 3098 338 3158; x_wconf 90' lang='lat' dir='ltr'>et</span> <span class='ocrx_word' id='word_1_159' title='bbox 370 3084 438 3157; x_wconf 80' lang='lat' dir='ltr'>Do</span> <span class='ocrx_word' id='word_1_160' title='bbox 471 3095 595 3180; x_wconf 87' lang='lat' dir='ltr'>potest</span> <span class='ocrx_word' id='word_1_161' title='bbox 624 3083 786 3180; x_wconf 92' lang='lat' dir='ltr'>ejusdem</span> <span class='ocrx_word' id='word_1_162' title='bbox 815 3083 1071 3180; x_wconf 89' lang='lat' dir='ltr'>quadruplum.</span> <span class='ocrx_word' id='word_1_163' title='bbox 1123 3085 1218 3158; x_wconf 90' lang='lat' dir='ltr'>Item</span> 
     </span>
    </p>
   </div>
   <div class='ocr_carea' id='block_1_5' title="bbox 177 3196 1219 3404">
    <p class='ocr_par' dir='ltr' id='par_1_7' title="bbox 177 3196 1219 3404">
     <span class='ocr_line' id='line_1_24' title="bbox 177 3196 1219 3294; baseline 0 -24"><span class='ocrx_word' id='word_1_164' title='bbox 177 3199 245 3271; x_wconf 93' lang='lat' dir='ltr'>AO</span> <span class='ocrx_word' id='word_1_165' title='bbox 264 3198 415 3293; x_wconf 89' lang='lat' dir='ltr'>triplum</span> <span class='ocrx_word' id='word_1_166' title='bbox 432 3208 556 3292; x_wconf 89' lang='lat' dir='ltr'>potest</span> <span class='ocrx_word' id='word_1_167' title='bbox 574 3198 652 3290; x_wconf 88' lang='lat' dir='ltr'>ejus</span> <span class='ocrx_word' id='word_1_168' title='bbox 671 3196 770 3292; x_wconf 92' lang='lat' dir='ltr'>quod</span> <span class='ocrx_word' id='word_1_169' title='bbox 786 3210 910 3292; x_wconf 89' lang='lat' dir='ltr'>potest</span> <span class='ocrx_word' id='word_1_170' title='bbox 928 3198 1004 3288; x_wconf 92' lang='lat' dir='ltr'>OC,</span> <span class='ocrx_word' id='word_1_171' title='bbox 1022 3209 1219 3294; x_wconf 85' lang='lat' dir='ltr'>propterea</span> 
     </span>
     <span class='ocr_line' id='line_1_25' title="bbox 178 3307 1101 3404; baseline 0.001 -23"><span class='ocrx_word' id='word_1_172' title='bbox 178 3309 277 3404; x_wconf 92' lang='lat' dir='ltr'>quod</span> <span class='ocrx_word' id='word_1_173' title='bbox 295 3321 349 3382; x_wconf 91' lang='lat' dir='ltr'>est</span> <span class='ocrx_word' id='word_1_174' title='bbox 367 3320 409 3382; x_wconf 91' lang='lat' dir='ltr'>ut</span> <span class='ocrx_word' id='word_1_175' title='bbox 427 3309 494 3382; x_wconf 88' lang='lat' dir='ltr'>AO</span> <span class='ocrx_word' id='word_1_176' title='bbox 512 3307 559 3381; x_wconf 90' lang='lat' dir='ltr'>ad</span> <span class='ocrx_word' id='word_1_177' title='bbox 576 3308 650 3396; x_wconf 88' lang='lat' dir='ltr'>DS,</span> <span class='ocrx_word' id='word_1_178' title='bbox 668 3309 721 3381; x_wconf 89' lang='lat' dir='ltr'>ita</span> <span class='ocrx_word' id='word_1_179' title='bbox 739 3308 802 3383; x_wconf 89' lang='lat' dir='ltr'>CO</span> <span class='ocrx_word' id='word_1_180' title='bbox 820 3308 867 3382; x_wconf 85' lang='lat' dir='ltr'>ad</span> <span class='ocrx_word' id='word_1_181' title='bbox 882 3309 941 3382; x_wconf 88' lang='lat' dir='ltr'>SO</span> <span class='ocrx_word' id='word_1_182' title='bbox 956 3310 1014 3382; x_wconf 91' lang='lat' dir='ltr'>vel</span> <span class='ocrx_word' id='word_1_183' title='bbox 1032 3311 1101 3384; x_wconf 87' lang='lat' dir='ltr'>SC.</span> 
     </span>
    </p>
   </div>
   <div class='ocr_carea' id='block_1_6' title="bbox 527 3529 875 3583">
    <p class='ocr_par' dir='ltr' id='par_1_8' title="bbox 527 3529 875 3583">
     <span class='ocr_line' id='line_1_26' title="bbox 527 3529 875 3583; baseline 0.009 -3"><span class='ocrx_word' id='word_1_184' title='bbox 527 3529 776 3582; x_wconf 82' lang='lat' dir='ltr'>PROPOSITIO</span> <span class='ocrx_word' id='word_1_185' title='bbox 796 3531 875 3583; x_wconf 72' lang='lat' dir='ltr'>xli.</span> 
     </span>
    </p>
   </div>
   <div class='ocr_carea' id='block_1_7' title="bbox 180 3645 1224 4312">
    <p class='ocr_par' dir='ltr' id='par_1_9' title="bbox 180 3645 1224 4312">
     <span class='ocr_line' id='line_1_27' title="bbox 229 3645 1220 3742; baseline 0 -22"><span class='ocrx_word' id='word_1_186' title='bbox 229 3649 347 3721; x_wconf 89' lang='lat' dir='ltr'>Arcus</span> <span class='ocrx_word' id='word_1_187' title='bbox 365 3645 578 3742; x_wconf 84' lang='lat' dir='ltr'>quadrantis</span> <span class='ocrx_word' id='word_1_188' title='bbox 598 3645 663 3718; x_wconf 91' lang='lat' dir='ltr'>BD</span> <span class='ocrx_word' id='word_1_189' title='bbox 681 3647 830 3742; x_wconf 83' lang='lat' dir='ltr'>aequalis</span> <span class='ocrx_word' id='word_1_190' title='bbox 848 3659 905 3721; x_wconf 89' lang='lat' dir='ltr'>est</span> <span class='ocrx_word' id='word_1_191' title='bbox 922 3647 1028 3722; x_wconf 90' lang='lat' dir='ltr'>lateri</span> <span class='ocrx_word' id='word_1_192' title='bbox 1047 3648 1132 3722; x_wconf 89' lang='lat' dir='ltr'>cubi</span> <span class='ocrx_word' id='word_1_193' title='bbox 1148 3647 1220 3722; x_wconf 90' lang='lat' dir='ltr'>cir-</span> 
     </span>
     <span class='ocr_line' id='line_1_28' title="bbox 180 3759 1221 3858; baseline 0.002 -24"><span class='ocrx_word' id='word_1_194' title='bbox 180 3759 404 3855; x_wconf 89' lang='lat' dir='ltr'>cumscripti,</span> <span class='ocrx_word' id='word_1_195' title='bbox 422 3783 598 3831; x_wconf 91' lang='lat' dir='ltr'>unacum</span> <span class='ocrx_word' id='word_1_196' title='bbox 625 3759 740 3833; x_wconf 88' lang='lat' dir='ltr'>latere</span> <span class='ocrx_word' id='word_1_197' title='bbox 764 3760 848 3834; x_wconf 92' lang='lat' dir='ltr'>cubi</span> <span class='ocrx_word' id='word_1_198' title='bbox 870 3761 1049 3858; x_wconf 88' lang='lat' dir='ltr'>inscripti,</span> <span class='ocrx_word' id='word_1_199' title='bbox 1067 3763 1221 3857; x_wconf 84' lang='lat' dir='ltr'>sphaerae</span> 
     </span>
     <span class='ocr_line' id='line_1_29' title="bbox 180 3872 1221 3971; baseline 0.001 -23"><span class='ocrx_word' id='word_1_200' title='bbox 180 3878 284 3971; x_wconf 91' lang='lat' dir='ltr'>cujus</span> <span class='ocrx_word' id='word_1_201' title='bbox 313 3874 491 3945; x_wconf 87' lang='lat' dir='ltr'>diameter</span> <span class='ocrx_word' id='word_1_202' title='bbox 520 3872 671 3968; x_wconf 79' lang='lat' dir='ltr'>aequalis</span> <span class='ocrx_word' id='word_1_203' title='bbox 701 3885 757 3946; x_wconf 87' lang='lat' dir='ltr'>est</span> <span class='ocrx_word' id='word_1_204' title='bbox 784 3886 897 3948; x_wconf 87' lang='lat' dir='ltr'>rectae</span> <span class='ocrx_word' id='word_1_205' title='bbox 925 3874 1001 3947; x_wconf 89' lang='lat' dir='ltr'>BC.</span> <span class='ocrx_word' id='word_1_206' title='bbox 1054 3874 1092 3947; x_wconf 90' lang='lat' dir='ltr'>Si</span> <span class='ocrx_word' id='word_1_207' title='bbox 1123 3873 1221 3949; x_wconf 91' lang='lat' dir='ltr'>enim</span> 
     </span>
     <span class='ocr_line' id='line_1_30' title="bbox 181 3985 1221 4082; baseline 0.001 -21"><span class='ocrx_word' id='word_1_208' title='bbox 181 3987 386 4082; x_wconf 87' lang='lat' dir='ltr'>descriptus</span> <span class='ocrx_word' id='word_1_209' title='bbox 404 3985 632 4080; x_wconf 85' lang='lat' dir='ltr'>intelligatur</span> <span class='ocrx_word' id='word_1_210' title='bbox 658 3985 816 4060; x_wconf 90' lang='lat' dir='ltr'>circulus</span> <span class='ocrx_word' id='word_1_211' title='bbox 834 4000 962 4061; x_wconf 91' lang='lat' dir='ltr'>centro</span> <span class='ocrx_word' id='word_1_212' title='bbox 981 3988 1010 4077; x_wconf 92' lang='grc' dir='ltr'>Ι,</span> <span class='ocrx_word' id='word_1_213' title='bbox 1029 3987 1221 4062; x_wconf 87' lang='lat' dir='ltr'>intervallo</span> 
     </span>
     <span class='ocr_line' id='line_1_31' title="bbox 182 4100 1221 4196; baseline -0.002 -20"><span class='ocrx_word' id='word_1_214' title='bbox 182 4104 259 4185; x_wconf 80' lang='lat' dir='ltr'>IE3</span> <span class='ocrx_word' id='word_1_215' title='bbox 287 4114 325 4173; x_wconf 90' lang='lat' dir='ltr'>et</span> <span class='ocrx_word' id='word_1_216' title='bbox 350 4100 465 4171; x_wconf 89' lang='lat' dir='ltr'>cubus</span> <span class='ocrx_word' id='word_1_217' title='bbox 489 4102 593 4195; x_wconf 85' lang='lat' dir='ltr'>cujus</span> <span class='ocrx_word' id='word_1_218' title='bbox 620 4123 733 4171; x_wconf 94' lang='lat' dir='ltr'>uuum</span> <span class='ocrx_word' id='word_1_219' title='bbox 758 4100 976 4196; x_wconf 88' lang='lat' dir='ltr'>quadratum</span> <span class='ocrx_word' id='word_1_220' title='bbox 995 4101 1221 4174; x_wconf 86' lang='lat' dir='ltr'>estABCD:</span> 
     </span>
     <span class='ocr_line' id='line_1_32' title="bbox 183 4212 1224 4312; baseline -0.001 -23"><span class='ocrx_word' id='word_1_221' title='bbox 183 4213 341 4289; x_wconf 90' lang='lat' dir='ltr'>circulus</span> <span class='ocrx_word' id='word_1_222' title='bbox 355 4212 561 4308; x_wconf 87' lang='lat' dir='ltr'>descriptus</span> <span class='ocrx_word' id='word_1_223' title='bbox 575 4223 703 4287; x_wconf 88' lang='lat' dir='ltr'>centro</span> <span class='ocrx_word' id='word_1_224' title='bbox 721 4213 738 4286; x_wconf 92' lang='lat' dir='ltr'>I</span> <span class='ocrx_word' id='word_1_225' title='bbox 756 4212 859 4287; x_wconf 88' lang='lat' dir='ltr'>radio</span> <span class='ocrx_word' id='word_1_226' title='bbox 878 4214 931 4287; x_wconf 87' lang='lat' dir='ltr'>IE</span> <span class='ocrx_word' id='word_1_227' title='bbox 948 4213 979 4288; x_wconf 90' lang='lat' dir='ltr'>si</span> <span class='ocrx_word' id='word_1_228' title='bbox 997 4213 1224 4312; x_wconf 84' lang='lat' dir='ltr'>intelligatur</span> 
     </span>
    </p>
   </div>
   <div class='ocr_carea' id='block_1_8' title="bbox 0 0 1491 5010">
    <p class='ocr_par' dir='ltr' id='par_1_10' title="bbox 0 0 1491 5010">
     <span class='ocr_line' id='line_1_33' title="bbox 0 0 1491 5010; baseline 0 0"><span class='ocrx_word' id='word_1_229' title='bbox 0 0 1491 5010; x_wconf 95' lang='lat' dir='ltr'> </span> 
     </span>
    </p>
   </div>
  </div>
 </body>
</html>
