2946 5010
310 424 377 490 166
521 432 788 487 nxanrnsmo
809 432 860 499 nr
881 432 1127 484 nunnnsrro

118 629 265 672 orimum
355 601 405 675 B.
433 600 475 674 ld
502 599 664 697 quidem,
682 622 892 695 quanquam
919 599 968 671 sit
994 599 1203 687 absurdum,
1230 601 1347 673 mani-

122 711 265 815 ss
304 713 398 788 feste
415 714 591 810 sequitur.

358 828 408 903 Α.
435 826 601 900 Secundo
632 824 728 913 duce,
759 824 890 920 inquit,
922 824 1163 922 quantitates,
1194 849 1347 920 quarum

311 942 437 1016 altera
466 951 525 1013 eet
546 940 680 1034 major,
707 937 833 1011 altera
851 939 980 1027 minor,
1001 948 1084 1010 cunt
1101 938 1347 1037 homogcneoe.

311 1051 678 1129 Conceditur-Sed
700 1051 864 1149 angulas
878 1059 1080 1141 contactus,
1093 1052 1274 1149 siquidem
1295 1052 1349 1123 cit

310 1167 483 1266 angulus,
492 1176 530 1239 et
543 1163 701 1262 angulus
716 1162 832 1260 quinia
844 1163 1254 1259 rectilineuc,ejrrcmodi
1264 1174 1348 1237 aunt

310 1280 565 1379 quantitatem
591 1278 630 1351 id
659 1289 726 1367 est,
754 1299 909 1373 quarum
939 1277 1054 1351 altera
1083 1277 1200 1351 altera
1224 1289 1349 1374 potest

311 1417 390 1467 esse
404 1394 523 1488 major
539 1390 598 1464 vel
614 1389 745 1463 minor.
797 1389 974 1485 Negatur.

362 1506 411 1579 Β.
439 1505 514 1578 Sed
545 1503 679 1600 probat
713 1527 758 1575 ex
791 1503 1041 1599 propositione
1077 1509 1120 1576 16
1150 1503 1266 1576 Elem.
1296 1502 1348 1575 iii.

312 1618 485 1692 Euclidis.

362 1735 412 1810 A.
439 1734 546 1831 Nego
563 1734 635 1807 hoc
652 1756 809 1830 quoque.
861 1733 958 1806 Nam
975 1756 1040 1828 per
1057 1732 1157 1805 illam
1184 1732 1349 1829 proposi-

311 1851 450 1923 tionem
460 1847 637 1945 probatur
653 1847 724 1920 hoc
741 1847 870 1933 solum,
888 1844 1115 1919 intercedere
1145 1846 1243 1917 inter
1270 1855 1351 1918 tan·

313 1974 462 2059 gentem
480 1970 519 2033 et
531 1983 656 2032 arcum
674 1959 904 2055 superficiem
931 1958 1102 2054 aliquam,
1122 1982 1196 2031 non
1226 1970 1350 2031 autem

314 2073 489 2169 angulum
506 2072 676 2167 aliquem.

364 2185 412 2259 B.
445 2185 584 2272 Tertio,
604 2181 777 2282 angulus,
804 2183 936 2279 inquit,
954 2182 1180 2255 semicirculi
1203 2182 1259 2255 ad
1284 2208 1351 2255 arr-

312 2299 440 2397 gulum
458 2307 599 2369 rectum
616 2295 843 2368 rectilineum
861 2305 1002 2368 ceruam
1028 2293 1137 2367 trahet
1163 2304 1201 2368 et
1229 2295 1353 2368 deter-

315 2412 492 2485 minatam
508 2409 698 2481 rationem.

364 2524 412 2596 A.
440 2521 674 2596 Conceditur.

366 2635 412 2709 B.
440 2633 606 2707 Habebit
622 2659 714 2732 ergo
731 2634 912 2706 rationem
930 2632 984 2705 ad
996 2634 1198 2731 reliquum:
1230 2635 1353 2721 idest,

317 2747 365 2821 ad
382 2747 556 2842 angulum
576 2755 779 2818 contactus,

368 2861 417 2933 A.
444 2860 624 2954 Negatnr.
676 2859 761 2930 Non
780 2870 835 2930 est
853 2859 951 2930 enim
981 2860 1136 2955 angulus
1163 2872 1354 2935 contactus

317 2998 402 3070 pars
420 2972 560 3068 reliqua
577 2971 700 3067 anguli
732 2972 823 3044 recti
847 2973 1038 3061 rectilinei,
1056 2998 1186 3070 neque,
1206 2975 1354 3070 dempto

318 3088 452 3184 angulo
471 3085 688 3158 semicirculi
715 3109 760 3156 ex
790 3085 924 3180 angulo
952 3098 1054 3158 recto
1082 3086 1283 3176 rectilinea,
1299 3112 1355 3160 re-

318 3201 497 3296 linquitur
527 3199 682 3294 angulus
708 3212 912 3271 contactus.
974 3201 1110 3273 Verum
1138 3214 1261 3274 autem
1289 3216 1355 3290 est,

319 3313 469 3408 dempta
486 3311 677 3407 superficie
694 3310 945 3384 intercedente
968 3312 1065 3384 inter
1082 3312 1301 3386 diametrum
1320 3330 1358 3388 et

319 3451 456 3515 arcum,
476 3425 574 3521 quod
592 3423 810 3516 relinquitur
827 3426 1036 3520 superficies
1054 3449 1135 3520 quae
1161 3428 1357 3501 intercedit

319 3540 414 3612 inter
432 3563 557 3612 arcum
571 3549 609 3611 et
626 3550 861 3633 tangentem3
880 3564 989 3635 quam
1007 3540 1236 3635 superficiem
1248 3555 1355 3638 puta-

318 3653 373 3725 vit
390 3652 575 3724 Wallisius
592 3675 670 3723 esse
687 3652 874 3747 angulum.

368 3764 488 3861 Caput
505 3764 569 3836 viii
600 3764 852 3838 testimonium
880 3763 991 3836 habet
1022 3765 1171 3837 Domini
1203 3766 1354 3840 Henrici

319 3877 457 3951 Savilii.
492 3878 528 3950 Is
545 3900 632 3949 vero
651 3877 869 3972 quadratum
883 3888 920 3949 et
935 3877 1112 3950 circulum
1130 3879 1356 3973 homogenea

319 4015 397 4063 esse
427 3991 612 4074 ostendit3
641 3991 686 4062 de
716 3990 851 4084 angulo
879 4000 1083 4079 contactus
1115 4016 1157 4064 eo
1188 3993 1280 4079 loco,
1308 4014 1355 4063 ne

319 4105 472 4176 verbum
507 4105 667 4200 quidem.
720 4103 792 4176 Sed
822 4103 931 4198 paulo
963 4103 1116 4177 inferius
1146 4103 1192 4176 de
1220 4103 1287 4174 hac
1316 4128 1355 4174 re

322 4216 504 4290 dubitasse
522 4241 606 4289 eum
622 4218 759 4289 fatetur
773 4215 850 4311 ipse
868 4216 1065 4289 Wallisius
1118 4217 1196 4289 Nec
1208 4216 1237 4288 si
1251 4215 1357 4288 aliter

322 4331 504 4418 sensisset,
540 4329 648 4403 ullius
683 4327 780 4424 apud
813 4329 1105 4418 mathematicos
1139 4328 1201 4425 qui
1235 4331 1359 4404 omnia
