2946 5010
424 428 703 483 prostremam
723 431 914 486 narsico.
1116 414 1190 492 317

151 593 197 668 de
223 595 328 668 obice
354 598 481 670 oceani
509 621 641 693 aquam
676 598 900 694 impediente
929 621 976 671 ne
1001 598 1191 694 procedat,
1243 625 1311 666 cm.
1327 625 1378 666 ιι.»

151 707 217 781 sed
259 719 478 800 revertatur,
521 711 671 784 memini
713 711 844 808 legisse
884 735 944 785 me
978 711 1112 784 alicubi
1153 712 1192 784 in
1233 693 1376 796 Μ

152 821 297 916 scriptis
315 822 530 897 cancellarii
549 824 716 897 Bacouis,
1240 817 1335 861 'ml‘

204 934 253 1007 B.
280 935 338 1008 Ita
358 948 437 1009 est:
465 937 529 1010 sed
561 949 683 1010 motus
711 960 815 1032 aquae
843 960 990 1010 causam
1017 935 1194 1010 adscribit

152 1049 271 1121 motui
288 1050 421 1124 diurno
438 1051 546 1146 primi
564 1051 718 1139 mobilis,
745 1050 808 1145 qui
836 1062 958 1123 motus
981 1049 1091 1147 primi
1117 1072 1193 1122 mo·

152 1161 247 1251 bilis,
262 1186 346 1235 cum
365 1164 413 1236 sit
431 1164 468 1235 in
486 1164 622 1237 circulo
642 1165 746 1259 cujus
764 1174 932 1236 centrum
949 1174 1006 1235 est
1023 1175 1194 1235 centrum

153 1287 275 1361 terra,
293 1275 497 1372 propellere
519 1300 651 1372 aquam
675 1299 749 1348 non
767 1285 899 1371 potest.
951 1275 1075 1348 Etiam
1093 1274 1195 1348 Gali-

152 1386 232 1460 leus
263 1412 412 1462 causam
436 1401 590 1463 aestuum
615 1390 748 1462 horum
771 1399 880 1461 terrae
908 1389 1025 1462 motui
1047 1386 1194 1462 cuidam

154 1499 350 1574 adscribit:
377 1526 485 1597 quem
512 1513 651 1575 motum
674 1513 773 1575 terra
800 1501 935 1574 habere
958 1525 1032 1574 non
1056 1510 1194 1597 potest,

154 1613 225 1686 nisi
247 1614 313 1703 sol,
335 1626 445 1703 terra,
469 1627 507 1688 et
529 1615 617 1688 luna
642 1614 758 1687 solido
784 1614 905 1709 aliquo
932 1613 1079 1686 vinculo
1106 1636 1195 1686 con-

154 1738 403 1818 necterentur,
418 1740 590 1824 tanquam
605 1727 643 1800 in
656 1727 744 1799 fune
761 1725 921 1822 pendulo
939 1724 1095 1799 totidem
1108 1723 1194 1821 pilae

155 1840 347 1935 plumbeae.

578 2243 682 2317 CAP.
710 2242 778 2316 111.

413 2415 693 2468 PROBLEMATA
712 2416 766 2466 DE
786 2413 940 2473 VACUO.

209 2532 258 2605 A.
285 2533 346 2604 An
361 2532 587 2628 probandam
598 2533 757 2606 universi
769 2530 1046 2629 plenitudinem,
1056 2530 1197 2602 nullum

159 2645 293 2717 nostin'
312 2657 569 2740 argumentum
588 2645 751 2742 cogens?

212 2757 260 2829 B.
288 2758 366 2829 Imo
396 2757 523 2831 multa.
581 2759 706 2832 Unum
736 2768 863 2830 autum
890 2756 1046 2830 suffieit:
1079 2779 1124 2828 er
1153 2778 1198 2828 eo

160 2882 358 2965 sumptum,
387 2870 485 2967 quod
512 2871 585 2945 duo
615 2897 771 2969 corpora
796 2870 917 2968 plana,
948 2870 979 2943 si
1006 2893 1045 2943 se
1072 2879 1200 2942 mutuo

161 2983 361 3056 secundum
376 2984 567 3057 amborum
581 2985 771 3082 planitiem
787 3006 1019 3057 communem
1033 2991 1199 3078 tangant,

161 3121 235 3170 non
262 3097 369 3169 facile
393 3095 430 3168 in
457 3096 619 3171 instante
649 3098 771 3170 divelli
799 3107 973 3193 possunt;
1000 3095 1202 3169 successive

162 3232 248 3281 vero
282 3208 465 3281 facillime.
529 3210 615 3283 Non
649 3210 731 3283 dico
766 3208 987 3304 impossibile
1019 3231 1097 3280 esse
1128 3205 1202 3278 duo

163 3320 357 3394 durissima
387 3345 570 3395 marmora
599 3322 650 3394 ita
681 3320 906 3394 cohaerentia
922 3317 1107 3405 divellere,
1138 3316 1203 3390 sed

163 3434 333 3518 difficile;
361 3447 398 3506 et
419 3435 493 3507 vim
518 3434 703 3530 postulare
726 3444 881 3521 tantam,
905 3443 1044 3527 quanta
1071 3429 1204 3503 sufficit

163 3547 211 3620 ad
241 3546 411 3619 duritiem
438 3546 569 3643 lapidis
594 3543 847 3642 superandam.
900 3542 1088 3640 Siquidem
1115 3565 1203 3615 vero

164 3662 301 3755 majore
318 3660 355 3732 vi
372 3660 419 3733 ad
437 3660 705 3756 separationem
722 3680 814 3753 opus
837 3656 885 3729 sit
909 3681 1019 3752 quam
1043 3656 1106 3729 illa
1132 3678 1205 3752 qua

164 3786 358 3846 moventur
375 3787 554 3870 separata,
566 3773 605 3846 id
617 3773 761 3869 signum
780 3782 925 3843 estnon
943 3769 1022 3842 dari
1036 3792 1203 3842 vacuum.

214 3884 260 3959 A.
289 3887 518 3961 Assertiones
560 3886 632 3960 illae
673 3883 985 3958 demonstratione
1023 3881 1203 3977 indigent.

165 3999 286 4072 Primo
304 4011 427 4072 autem
446 4000 597 4073 ostende
615 3996 798 4096 quomodo
816 4019 861 4068 ex
880 3994 1036 4067 duorum
1053 3993 1204 4066 durissi-

165 4135 310 4185 morum
327 4136 522 4208 corporum
540 4114 819 4208 conjunctorum
845 4107 892 4181 ad
916 4107 1126 4203 superficies
1144 4129 1205 4179 ex-

166 4225 298 4319 quisite
316 4224 424 4296 laeves
449 4224 692 4320 diremptione
716 4221 866 4310 difficili,
895 4221 1060 4316 sequitur
1087 4218 1203 4315 pleni-

167 4335 257 4410 tudo
274 4335 413 4409 mundi.
