2956 5018
483 409 556 478 512
758 425 1045 486 colorarent
1064 425 1267 494 cmcours

269 623 312 664 ,ιιι
325 621 469 664 raonrn.
482 589 583 687 quod
607 603 692 665 ante
717 615 792 665 non
817 591 927 665 modo
944 591 1132 667 confessus
1155 604 1252 683 erat,
1270 590 1351 666 sed
1369 591 1442 667 eti
1464 628 1478 656 ι

296 692 440 727 “’“““”
482 703 748 798 objectionibus
759 704 1065 800 suisadquiutam
1074 703 1439 802 propositionemd
1458 740 1476 771 u

482 825 683 889 straverat:
709 817 895 907 nimirum,
920 817 982 904 Ze,
1008 816 1075 905 lu,
1091 815 1146 906 eb,
1166 828 1205 891 et
1230 817 1408 914 proinde
1436 843 1478 893 e·

482 927 550 1018 Ac,
575 929 652 1017 AL,
679 928 747 1018 Ab,
772 953 852 1003 esse
877 930 1051 1003 continue
1076 930 1405 1028 proportionales.

482 1040 606 1137 potuit
631 1040 728 1113 euim
752 1066 826 1115 uon
843 1040 967 1115 videre
985 1042 1201 1138 quadratum
1219 1042 1266 1115 ab
1289 1043 1375 1134 AL,
1397 1043 1478 1118 siv

482 1153 560 1242 Ae,
581 1152 629 1226 ad
648 1154 867 1249 quadratum
884 1156 931 1228 ab
948 1154 1016 1227 AY
1033 1155 1110 1228 sive
1127 1153 1195 1243 Ab,
1212 1177 1297 1228 csse
1316 1165 1411 1229 ot5
1441 1190 1474 1221 ει

482 1278 520 1341 et
537 1290 604 1363 per
620 1290 858 1364 consequeus,
871 1266 1088 1364 quadratum
1106 1268 1152 1340 ab
1167 1269 1221 1340 Ac
1236 1266 1286 1341 ad
1302 1269 1478 1362 quadra

482 1380 530 1453 ab
548 1381 613 1453 AL
628 1404 707 1454 esse
732 1381 843 1455 etiam
860 1394 902 1453 ut
920 1389 941 1452 5
960 1379 1008 1454 ad
1024 1390 1070 1453 4:
1095 1380 1250 1476 ideoque
1267 1380 1356 1470 ΑΟ,
1377 1383 1444 1456 Ac
1470 1417 1478 1447 ;

483 1493 662 1590 aequales:
688 1518 734 1566 ex
756 1517 801 1566 eo
819 1505 942 1567 autem
960 1491 1060 1588 quod
1079 1492 1299 1588 quadratum
1317 1493 1373 1567 Zc
1391 1519 1458 1593 aeq

483 1618 540 1679 est
563 1615 606 1681 10
623 1606 887 1679 decimissextis
904 1604 1073 1703 quadrati
1091 1606 1168 1694 GC,
1182 1604 1286 1701 sequi
1308 1605 1442 1702 (quod
1467 1643 1472 1673 ι

481 1741 552 1814 que
578 1743 622 1792 eo
646 1717 879 1792 manifestum
896 1718 967 1812 est)
996 1718 1215 1814 quadratum
1241 1717 1287 1790 ab
1306 1718 1368 1792 101.
1387 1745 1472 1819 aeq·

481 1855 561 1904 esse
579 1841 603 1904 8
620 1831 895 1920 decimissextis,
913 1829 988 1903 sive
1005 1829 1169 1920 dimidio,
1187 1829 1363 1926 quadrati
1391 1857 1419 1906 a
1457 1843 1478 1901 t

481 1957 519 2017 et
545 1967 612 2040 per
638 1966 865 2040 consequens
883 1943 993 2015 etiam
1012 1941 1080 2031 Ah,
1098 1943 1166 2032 Ae,
1185 1942 1265 2028 Am,
1283 1943 1358 2033 Alc,
1377 1958 1469 2045 etp

481 2070 583 2131 terea
593 2057 670 2146 AC,
682 2057 757 2146 AZ,
770 2057 837 2142 Ae,
852 2055 921 2145 Ale,
935 2079 1014 2129 esse
1027 2055 1202 2129 continue
1214 2059 1437 2152 proportio
1456 2095 1461 2125 ;

482 2169 577 2245 Quae
593 2184 652 2244 est
669 2170 871 2267 duplicatio
888 2169 972 2242 cubi
990 2192 1034 2242 ex
1053 2169 1166 2266 ipsius
1192 2168 1425 2247 Professoris
1445 2199 1478 2249 o

479 2284 603 2357 cessis.

531 2397 604 2471 Sed
630 2396 757 2469 eadem
784 2419 911 2468 rursus
937 2394 1248 2468 demonstratione
1274 2417 1345 2468 sua
1371 2421 1470 2474 ever

479 2512 583 2606 cujus
601 2509 785 2584 sententia
801 2509 882 2583 haec
900 2520 966 2582 est.
1003 2509 1041 2582 Si
1059 2509 1122 2582 GC
1140 2508 1256 2582 divisa
1275 2508 1325 2582 sit
1345 2511 1472 2611 quinq

479 2623 621 2710 fariam,
639 2623 858 2720 quadratum
883 2624 997 2696 totius
1014 2622 1084 2696 erit
1105 2621 1245 2718 aequale
1263 2629 1310 2694 25
1332 2626 1440 2719 quad
1471 2661 1477 2692 ι

479 2749 624 2831 aparte
642 2759 708 2808 sua
726 2735 866 2829 quinta.
918 2736 966 2808 Et
983 2734 1069 2829 quia
1094 2748 1196 2807 recta
1213 2735 1288 2822 AZ,
1305 2735 1368 2807 vel
1386 2737 1457 2828 Zc,

479 2847 497 2938 ζ-
517 2860 627 2919 recta
640 2848 719 2920 GC:
734 2847 952 2943 quadratum
966 2873 989 2920 a
1001 2849 1052 2921 Zc
1064 2847 1203 2944 aequale
1217 2848 1288 2920 erit
1306 2844 1329 2938 ἓ
1350 2851 1458 2946 quad

480 2985 504 3033 a
520 2960 594 3032 GC.
647 2959 720 3032 Sed
735 2957 763 3051 ἐξ
784 2961 900 3055 majus
914 2973 969 3032 est
987 2985 1096 3056 quam
1117 2958 1158 3052 ξζ.

529 3074 627 3146 Vera
644 3073 724 3146 haec
738 3096 815 3146 esse
828 3096 1000 3167 agnosco,
1015 3085 1052 3146 et
1071 3072 1289 3167 quadratum
1306 3071 1380 3146 hoc
1392 3097 1441 3148 n·
1462 3111 1468 3142 ι

479 3188 596 3272 ricum
620 3209 698 3259 esse
729 3195 776 3259 25
806 3208 962 3280 quorum
989 3185 1209 3281 quadratum
1237 3185 1287 3257 Ze
1313 3199 1374 3259 est
1402 3197 1465 3278 16,

480 3300 624 3396 singula
641 3299 814 3372 distincta
827 3322 849 3371 a
863 3299 932 3371 sibi
945 3299 1132 3394 proximis,
1146 3300 1263 3372 tribus
1280 3299 1469 3396 longitud

478 3413 548 3486 bus
574 3412 652 3485 siue
679 3411 886 3499 latitudine,
912 3434 1066 3507 quarum
1095 3413 1177 3508 (per
1201 3410 1409 3506 Euclidem)
1442 3416 1468 3490 d

480 3535 567 3599 suut
592 3526 755 3621 ipsorum
781 3523 1043 3620 quadratorum
1069 3526 1328 3620 contiguorum
1358 3531 1474 3604 termi

479 3638 589 3712 tertia
607 3652 664 3711 est
688 3638 783 3710 inter
807 3635 888 3710 illos
909 3637 1085 3711 terminos
1110 3638 1242 3711 media.
1293 3638 1419 3736 Atque
1446 3643 1471 3716 h

477 3776 501 3824 a
524 3763 795 3847 geometrarum
825 3749 1012 3846 principiis
1037 3774 1123 3824 vere
1149 3749 1374 3841 derivantur,
1401 3777 1472 3850 qu

480 3888 591 3960 quam
617 3864 796 3960 aliquibus
821 3863 976 3935 fortasse
1002 3863 1127 3959 inepta
1151 3862 1389 3939 videbuntur.

479 3978 810 4075 quomodocunque
836 3975 1074 4072 accipiantur,
1101 3977 1280 4050 rationem
1304 3978 1478 4055 continu

479 4105 661 4165 rectarum
687 4089 944 4186 praedictarum
962 4090 1038 4178 Ac,
1057 4089 1137 4179 AY,
1156 4090 1230 4178 AZ,
1247 4101 1330 4179 etc,
1348 4113 1428 4165 non
1454 4107 1472 4169 t

480 4204 577 4277 lunt:
604 4217 642 4278 et
656 4227 722 4300 per
735 4226 973 4297 consequens,
987 4226 1104 4299 neque
1119 4202 1408 4298 duplicationem
1423 4232 1474 4283 cu

480 4340 562 4411 quae
581 4317 656 4390 suis
674 4327 748 4391 stat
765 4316 968 4413 principiis:
995 4340 1113 4414 neque
1131 4315 1335 4413 impediunt
1352 4320 1446 4416 quin
1476 4340 1478 4379 ι
