2946 5010
449 409 938 464 rnoncnuxrxnnrsrcx.
1138 396 1211 463 323

224 580 273 654 Α.
300 579 409 654 Unde
426 592 550 653 autem
566 579 609 651 fit
630 589 672 650 ut
698 576 870 650 animalia
893 587 970 650 tam
991 577 1078 667 cito,
1104 579 1211 652 nimi-

172 717 265 783 rum,
282 696 321 766 in
338 694 456 791 spatio
478 704 635 790 quatuor
659 691 884 764 minutorum
906 691 1020 780 horae,
1048 691 1088 764 in
1117 692 1210 767 reci-

172 807 296 902 piente
314 806 606 881 interficiantur?

223 919 271 993 B.
298 920 432 993 Nonne
450 919 622 993 animalia
645 917 697 990 sic
714 916 855 990 inclusa
880 917 1055 1014 insugunt
1073 917 1111 991 in
1128 918 1211 1015 pul-

170 1055 298 1106 mones
316 1057 437 1107 aerem
451 1030 768 1107 vehementissime
785 1030 951 1103 motum?
1004 1030 1088 1106 Quo
1106 1045 1210 1106 motu

170 1169 319 1219 necesse
352 1157 408 1220 est
438 1156 479 1220 ut
518 1144 694 1219 transitus
736 1144 934 1240 sanguinis,
972 1145 1018 1217 ab
1058 1167 1132 1217 uno
1161 1144 1210 1218 ad

170 1258 327 1331 alterum
344 1258 465 1333 cordis
481 1257 726 1331 ventriculum
742 1257 979 1354 interceptus,
999 1280 1074 1331 non
1091 1258 1209 1333 multo

171 1385 255 1467 post
272 1373 434 1446 sistatur.
486 1370 652 1445 Cessatio
669 1380 794 1444 autem
815 1371 1002 1466 sanguinis
1025 1395 1124 1445 mors
1141 1383 1208 1446 est.

172 1486 328 1559 Possunt
357 1497 481 1559 tamen
507 1482 690 1572 animalia,
713 1495 878 1556 cessante
903 1482 1092 1580 sanguine,
1114 1485 1208 1558 revi-

170 1598 320 1688 viscere,
339 1600 369 1672 si
388 1622 450 1672 aer
467 1608 640 1671 externus
662 1596 749 1669 satis
767 1607 910 1670 mature
926 1597 1208 1689 intromittatur,

170 1712 229 1784 vel
246 1712 380 1807 ipsein
398 1735 518 1786 aerem
536 1721 793 1806 temperatum,
811 1721 1009 1805 antequam
1025 1709 1209 1783 refrixerit

171 1824 330 1920 sanguis,
349 1825 601 1898 extrahantur.
652 1823 757 1896 Idem
772 1845 837 1895 aer
853 1821 891 1894 in
909 1821 1110 1918 recipiente
1127 1846 1208 1895 car·

169 1935 284 2009 bones
301 1935 471 2010 ardentes
488 1935 695 2032 extinguit:
722 1933 787 2007 sed
808 1946 845 2007 et
866 1934 931 2024 illi,
954 1935 984 2008 si
1011 1934 1099 2008 dum
1120 1935 1207 2010 satis

170 2048 278 2123 calidi
309 2061 396 2122 sunt
426 2050 644 2131 eximantur,
674 2046 899 2120 relucebunt.
966 2046 1208 2122 Notissimum

170 2174 237 2252 est,
264 2162 361 2258 quod
392 2163 432 2234 in
461 2161 596 2235 fodinis
624 2160 824 2234 carbonum
850 2170 1055 2233 terreorum
1087 2161 1207 2256 (cujus

170 2277 224 2349 rei
248 2276 540 2372 experimentum
564 2273 753 2369 ipsevidi)
781 2273 979 2368 saepissime
995 2297 1017 2346 e
1032 2273 1208 2347 lateribus

168 2388 284 2462 fovea
301 2399 432 2461 ventus
449 2387 599 2485 quidam
615 2386 856 2484 undequaque
874 2385 950 2458 exit
966 2386 1029 2482 qui
1048 2387 1207 2460 fossores

170 2502 345 2575 interficit
374 2502 567 2598 ignemque
597 2499 791 2594 extinguit,
816 2497 911 2572 sicut
939 2498 1085 2572 illorum
1113 2499 1207 2573 reci-

170 2617 294 2711 piens:
315 2614 378 2711 qui
395 2628 518 2688 tamen
529 2612 765 2702 reviviscunt,
776 2612 807 2686 si
824 2612 912 2685 satis
929 2612 1003 2686 cito
1021 2612 1068 2686 ad
1085 2635 1207 2687 aerem

171 2728 326 2801 liberum
345 2728 597 2801 extrahantur.

221 2841 270 2915 Α.
297 2840 337 2913 Si
353 2841 513 2937 phialam
542 2864 646 2937 aquae
669 2839 708 2912 in
731 2837 909 2935 recipiens
935 2836 1126 2928 dimiseris,
1144 2862 1207 2912 ex-

169 2966 257 3028 ucto
275 2978 358 3027 aere
375 2955 506 3028 bullire
517 2954 660 3028 videbis
676 2977 819 3050 aquam.
873 2950 973 3025 Quid
990 2950 1038 3025 ad
1059 2952 1132 3025 hoc
1148 2974 1207 3024 re·

170 3067 391 3164 spondebis?

222 3179 270 3252 B.
299 3179 418 3253 Credo
447 3179 613 3275 profecto
641 3180 678 3252 in
714 3189 818 3251 tanta
852 3177 947 3249 aeris
975 3177 1206 3249 motitatione

171 3292 385 3364 saltaturam
414 3316 492 3365 esse
519 3317 675 3389 aquam:
703 3290 768 3364 sed
795 3301 837 3362 ut
864 3288 1019 3376 calefiat,
1042 3288 1206 3361 nondum

169 3403 303 3477 audivi.
356 3404 430 3478 Sed
446 3404 679 3501 imaginabile
697 3427 771 3475 non
789 3413 845 3475 est
861 3400 1093 3474 saltationem
1106 3401 1207 3474 illam

171 3541 330 3589 evacuo
353 3518 456 3590 nasci
480 3541 596 3614 posse.
649 3517 763 3612 Spero
790 3517 867 3608 jam
891 3524 1031 3587 certum
1052 3527 1090 3587 te
1117 3537 1207 3604 esse,

170 3629 311 3702 nullum
328 3654 407 3703 esse
431 3632 610 3705 machinae
634 3630 731 3701 illius
754 3628 1030 3724 phaenomenon,
1049 3651 1121 3724 quo
1145 3627 1207 3701 de·

170 3744 368 3817 monstrari
383 3756 506 3840 potest
520 3745 633 3818 ullum
652 3743 690 3816 in
703 3742 872 3815 universo
889 3739 1010 3814 locum
1028 3739 1106 3813 dari
1124 3763 1205 3814 cor-

170 3880 259 3953 pore
277 3858 376 3929 omni
395 3881 562 3930 vacuum.

222 3972 270 4042 Α.
297 3969 479 4042 Mundum
496 3970 567 4042 scis
583 3968 727 4041 finitum
746 3989 837 4054 esse,
851 3976 889 4037 et
901 3987 967 4061 per
980 3987 1205 4060 consequens

169 4106 326 4157 vacuum
356 4107 436 4156 esse
464 4095 634 4178 oportere
657 4094 777 4155 totum
800 4076 890 4151 illud
919 4076 1077 4172 spatium
1106 4077 1205 4174 quod

171 4206 226 4268 est
251 4209 355 4269 extra
378 4196 568 4285 mundum,
585 4195 781 4268 infinitum.
834 4190 934 4266 Quid
957 4190 1111 4288 impedit
1132 4215 1204 4287 quo

171 4308 292 4381 minus
309 4333 465 4381 vacuum
495 4308 586 4382 illud
616 4332 699 4382 cum
725 4330 809 4382 aere
835 4304 1022 4379 mundano
1052 4305 1205 4402 permis-

172 4420 321 4494 centur?
1033 4441 1089 4493 rs

1257 606 1324 647 cnr.
1336 606 1380 647 111.

1251 673 1393 709 κ-η-ν

1262 733 1297 777 De
1306 746 1382 778 vacuo.
