2946 5010
514 455 851 511 onounraanuu.
876 463 878 466 ’
1134 441 1206 509 395

165 642 234 721 est,
255 630 471 725 (interprete
486 626 642 721 Clario),
655 625 694 699 in
709 649 781 722 qua
797 624 939 698 nullum
956 634 1135 721 punctum
1151 623 1209 696 in·
1255 647 1323 689 cm.
1339 646 1380 687 ιν.

164 743 384 819 termedium
410 742 457 815 ab
483 741 656 815 extremis
676 763 818 812 sursum
840 750 906 813 aut
935 738 1118 823 deorsum,
1136 738 1209 811 huc
1232 714 1413 821 „Ma

165 857 223 933 vel
253 858 341 930 illuc
372 854 614 944 deflectendo,
641 853 847 926 subsultat:
884 852 923 925 in
949 876 1022 949 qna
1052 849 1210 946 denique

165 972 257 1045 nihil
282 971 485 1043 flexuosum
510 967 705 1063 reperitur.
757 965 845 1039 Non
869 988 1030 1062 agnosco
1049 963 1111 1037 hic
1127 986 1211 1038 ora·

166 1086 307 1159 tionem
322 1082 679 1155 mathematicorum.
724 1079 920 1154 Quomodo
937 1088 1116 1175 punctum
1126 1077 1212 1150 sub·

167 1196 279 1271 sultet
304 1219 447 1269 sursum
464 1208 502 1269 et
526 1195 708 1281 deorsum,
728 1192 802 1265 huc
820 1204 858 1265 et
881 1192 980 1281 illuc,
1003 1215 1080 1265 non
1104 1190 1213 1263 intel·

167 1309 265 1406 ligo:
297 1333 372 1383 non
399 1320 525 1382 tamen
555 1307 667 1382 credo
689 1330 910 1403 quemquam
938 1328 1017 1378 esse
1043 1305 1212 1400 quirem

166 1422 296 1519 ipsam,
314 1423 450 1496 lineam
467 1423 618 1518 inquam
635 1432 788 1506 rectam,
806 1419 929 1492 auimo
947 1442 1013 1492 suo
1032 1442 1107 1490 non
1124 1416 1213 1490 satis

168 1548 269 1610 recte
287 1535 482 1631 concipiat,
502 1534 585 1607 idea
601 1547 691 1607 nata
707 1532 753 1605 ab
771 1532 895 1628 aliqua
910 1532 1008 1605 linea
1024 1541 1126 1604 recta
1137 1554 1214 1604 ma-

168 1649 301 1735 teriali‚
318 1671 529 1744 quanquam
553 1646 655 1719 ideas
682 1669 765 1718 suas
789 1668 865 1718 non
893 1666 1020 1718 omnes
1045 1643 1214 1717 homines

168 1772 323 1857 possunt
340 1759 507 1832 oratione
525 1782 630 1854 aeque
648 1757 846 1831 declarare.
899 1756 973 1830 Sed
990 1778 1110 1851 neque
1128 1779 1213 1829 con·

169 1885 239 1963 tra,
263 1873 316 1945 illi
339 1873 401 1967 qui
428 1872 594 1969 cogitata
619 1894 686 1944 sua
713 1871 852 1966 optime
880 1868 1105 1957 describunt,
1130 1879 1216 1942 suut

170 2009 314 2081 semper
331 1984 462 2081 optimi
479 1983 742 2058 mathematici.
794 1983 957 2055 Definire
984 1981 1083 2055 enim
1107 2005 1215 2054 voca·

170 2100 257 2173 bula
274 2099 364 2172 artis
382 2100 633 2196 cujuscunque
658 2110 809 2172 nonest
834 2097 948 2194 ipsius
970 2096 1071 2186 artie,
1095 2120 1216 2193 neque

171 2212 269 2285 forte
287 2213 437 2286 omnino
454 2214 543 2286 artis
560 2236 678 2309 opus:
706 2212 771 2285 sed
797 2211 934 2308 partim
954 2211 1085 2307 judicii
1108 2221 1216 2284 natu-

171 2324 270 2414 ralis,
295 2350 368 2423 quo
397 2326 636 2422 distinguitur
659 2325 757 2397 inter
785 2326 962 2420 cujusque
988 2325 1041 2397 rei
1065 2325 1217 2398 essenti·

172 2437 245 2510 alia
261 2451 301 2511 et
317 2461 393 2512 non
410 2438 630 2528 essentialia,
647 2438 784 2534 partim
801 2437 941 2533 ingenii
958 2437 1005 2509 ad
1028 2437 1217 2510 invenien-

173 2550 262 2623 dum
278 2552 393 2624 verba
415 2563 453 2624 et
480 2551 686 2624 orationem
712 2549 887 2647 prompti,
905 2549 1038 2646 quibus
1064 2573 1110 2622 ea
1133 2573 1215 2645 qnae

173 2665 383 2737 essentialia
399 2675 486 2737 sunt
503 2662 650 2760 proprie
668 2674 707 2736 et
731 2662 923 2759 adaquata
950 2662 1216 2759 significentur.

174 2778 304 2874 ltaque
335 2777 472 2851 diversi
505 2777 673 2850 homines
703 2775 859 2849 eandem
890 2775 1068 2849 habentes
1097 2775 1219 2849 ideam

173 2891 280 2965 lineae
297 2903 423 2980 rectae,
440 2913 517 2964 non
534 2902 659 2964 tamen
678 2890 833 2962 eandem
859 2889 939 2986 ejus
968 2889 1219 2964 definitionem

174 3006 465 3100 assignaverunt.
509 3004 655 3076 Indicat
671 3003 864 3075 nobishoc
880 3003 963 3076 loco
978 3003 1124 3077 Clavius
1138 3003 1220 3099 plu·

174 3119 271 3189 rium
289 3117 481 3190 doctorum
499 3116 691 3189 hominum
714 3114 822 3188 lineae
844 3125 958 3187 recta
975 3115 1219 3189 definitiones

176 3229 298 3301 Primo
321 3229 403 3301 loco
428 3229 569 3301 Procli:
596 3251 740 3322 nempe,
759 3238 863 3299 recta
879 3241 947 3317 est,
966 3252 1048 3323 quae
1074 3240 1221 3301 tantum

175 3340 328 3436 praecise
347 3351 505 3435 occupat
523 3340 695 3435 spatium,
707 3352 847 3434 quanta
860 3353 918 3412 est
932 3340 1107 3413 distantia
1123 3339 1221 3413 inter

176 3463 315 3548 puncta
342 3454 421 3547 ejus
449 3464 624 3524 extrema.
690 3451 875 3540 Secundo,
904 3452 1091 3525 Platonis:
1118 3465 1222 3526 recta

177 3578 244 3651 est,
263 3566 365 3661 cujus
390 3565 611 3637 intermedia
635 3579 775 3661 puncta
798 3565 1021 3638 obumbrant
1046 3577 1220 3639 extrema.

176 3678 314 3767 Tertio,
342 3676 594 3750 Archimedis:
623 3689 725 3751 recta
749 3689 807 3751 est
828 3678 981 3751 minima
1007 3678 1222 3751 habentium

178 3790 354 3864 terminos
389 3789 548 3863 eosdem.
614 3791 770 3880 Quarto,
799 3790 998 3887 Campani:
1034 3801 1135 3863 recta
1165 3802 1223 3865 est

177 3903 392 3977 brevissima
408 3927 431 3976 a
447 3915 585 3999 puncto
602 3901 650 3977 ad
666 3916 846 4000 punctum
864 3904 1041 3977 extensio.
1069 3903 1222 3992 Quinto,

178 4040 307 4091 eorum
325 4018 389 4114 qui
413 4016 553 4107 dicunt,
571 4029 710 4091 rectam
734 4041 824 4106 esse,
843 4041 927 4111 quae
952 4016 1174 4090 describitur
1199 4040 1223 4090 a

178 4141 316 4226 puncto
330 4141 431 4203 moto
446 4152 513 4202 nco
527 4129 734 4202 vacillante.
762 4129 907 4204 Quibus
919 4153 989 4226 ego
1003 4129 1099 4204 addo
1112 4128 1223 4202 aliam

179 4242 344 4316 authoris
361 4242 601 4316 recentioris:
629 4254 732 4316 recta
748 4255 805 4318 est
823 4243 928 4340 cujus
947 4243 1108 4332 termini,
1123 4243 1223 4318 salva

181 4357 398 4453 quantitate,
417 4355 543 4430 diduci
560 4378 635 4430 non
649 4366 816 4451 possunt.
