2946 5010
368 405 683 461 nsrnnnarlcn
704 407 947 461 nonrnnrrnr.
1107 396 1175 462 149

139 571 402 663 demonstrare,
421 599 531 672 quam
547 575 781 672 paucioribus
808 597 884 648 non
911 574 1175 652 demonstrare.
1212 605 1362 648 antonus

139 686 313 783 Sequitur
329 689 461 760 Anreae
479 687 629 783 Regulae
640 687 775 783 praxis,
786 686 823 760 id
835 697 902 775 est,
915 687 1080 783 exempla
1091 711 1177 784 ope·
1217 689 1359 791 L

138 798 293 872 rationis
326 800 502 895 vulgaria.
567 800 722 891 Deinde,
752 801 959 897 exemplum
986 800 1097 890 aliud,
1114 802 1179 875 ubi

138 913 314 1008 quaeritur
331 922 446 1010 qaota
463 913 556 986 hora
572 914 624 986 sit
641 914 799 986 Athenis
817 913 963 1011 quondo
991 924 1049 987 cst
1080 914 1179 989 an-

137 1024 207 1098 aia
223 1034 384 1100 octava:
402 1027 506 1122 eujus
524 1028 647 1123 praxis
666 1027 767 1100 nullo
779 1051 858 1102 esse
883 1038 1017 1123 potest,
1034 1029 1105 1102 nisi
1133 1029 1178 1104 iis

138 1137 199 1234 qni
219 1138 341 1212 sciunt
365 1139 569 1213 doctrinam
596 1142 760 1238 sphaerae,
778 1151 815 1214 et
839 1141 1060 1215 circulorum
1085 1165 1178 1238 quos

138 1252 176 1326 in
193 1253 256 1326 illa
270 1255 458 1327 finxerunt
476 1256 692 1327 astronomi.
745 1254 776 1328 li
793 1278 880 1328 vero
900 1254 991 1327 nulli
1004 1266 1101 1343 sont,
1115 1255 1180 1351 qui

138 1387 212 1439 non
229 1366 395 1462 regulam
412 1367 507 1440 hana
524 1379 611 1440 ante
630 1368 851 1441 didicerunt.
886 1367 973 1440 Non
991 1378 1070 1439 erat
1088 1389 1178 1462 ergo

137 1478 357 1553 arithmetici
374 1480 444 1553 hoc
463 1481 606 1570 docere,
625 1483 729 1578 cujus
746 1492 804 1553 est
818 1482 941 1553 omnia
958 1480 1090 1553 docere
1114 1483 1179 1554 ab·

137 1601 273 1664 suante
305 1616 329 1665 a
357 1594 466 1666 rebus
495 1595 708 1682 numeratis,
739 1592 779 1665 id
807 1606 875 1678 est,
910 1593 1177 1667 universaliter.

136 1701 288 1796 Deinde,
307 1704 407 1801 qnod
423 1707 604 1780 monitum
626 1707 802 1780 lectorem
819 1707 948 1795 voluit,
966 1731 1013 1779 ae
1029 1708 1177 1804 qnando

120 1815 268 1912 fraudi
279 1818 342 1906 sit,
361 1819 459 1915 quoa
472 1844 518 1892 ca
536 1830 711 1917 tanquam
732 1818 1037 1917 proportionalia
1066 1817 1179 1891 habc-

136 1940 259 2020 aatar,
276 1957 360 2029 qaoe
373 1932 679 2030 proportionalia
697 1958 767 2005 noa
783 1942 878 2020 caat,
899 1931 947 2005 ad
973 1933 1176 2005 arithmeti-

137 2066 217 2116 cam
235 2068 310 2117 non
326 2044 497 2141 pertinet,
512 2047 576 2119 sed
593 2044 641 2119 ad
666 2046 947 2141 philosophiam,
965 2057 1007 2117 ut
1035 2068 1080 2117 ex
1110 2068 1176 2118 sno

136 2156 252 2253 ipsius
280 2158 445 2254 exemplo
480 2172 535 2231 est
570 2159 817 2232 manifestum.
874 2159 1013 2248 Posito,
1044 2159 1176 2256 inquit,

136 2272 406 2370 quodpoadac,
422 2273 614 2370 gravitate
630 2298 700 2346 aaa
721 2284 865 2362 motam,
884 2270 1023 2345 dachus
1041 2282 1177 2369 tempo-

136 2384 193 2457 rie
217 2386 404 2458 momentis
424 2394 472 2459 20
483 2386 606 2484 pedes
635 2385 854 2469 arcendae
880 2395 1071 2483 queratur
1087 2395 1176 2483 quot

128 2496 252 2596 pedes
270 2497 529 2570 &occasuram
545 2499 596 2572 cit
610 2499 793 2571 monreatis
809 2506 866 2571 10.
912 2497 1041 2593 Siflat
1052 2498 1176 2572 malti-

128 2608 293 2708 plicatio
306 2611 445 2683 numeri
472 2611 577 2684 tertii
597 2611 896 2709 pertractandam,
915 2620 1024 2708 atque
1041 2610 1175 2685 divisio

128 2723 1019 2822 prodactipcrprimam,prodibitquartas,100·
1047 2723 1176 2797 atille

134 2858 306 2910 numerat
319 2837 474 2933 quaerito
492 2862 563 2911 aaa
580 2837 784 2933 satisfacit.

187 2947 235 3023 Β.
263 2949 397 3022 Nonne
414 2973 502 3047 ergo
527 2950 677 3045 Regulae
696 2951 828 3024 Aureae
846 2950 1024 3039 definitio,
1039 2950 1175 3024 tradita

136 3061 242 3136 initio
255 3062 364 3158 hujus
383 3063 533 3159 Capitis,
551 3064 642 3136 falsa
659 3062 739 3136 est?

188 3174 237 3248 Α.
264 3175 431 3249 Minime.
467 3176 541 3249 Sed
558 3199 731 3249 numerus
748 3176 865 3272 quiin
883 3199 958 3248 una
975 3174 1174 3270 quastione

137 3287 319 3362 mundns
342 3298 410 3378 est,
441 3289 480 3360 in
510 3289 582 3361 alia
608 3289 718 3361 debet
745 3289 899 3362 fortasse
930 3312 1008 3361 esse
1031 3287 1173 3360 tertius.

137 3399 331 3490 Praeterea,
343 3403 520 3497 qnaeritur
536 3400 745 3497 aliquando,
758 3400 853 3473 datis
867 3401 984 3473 tribus
1001 3400 1173 3489 numeris,

137 3516 220 3614 quis
238 3517 287 3590 sit
304 3516 352 3590 ad
368 3516 518 3590 tertium
537 3516 575 3589 in
592 3516 736 3589 ratione
764 3515 873 3611 primi
900 3514 945 3586 ad
975 3512 1174 3586 secundum

136 3629 323 3726 duplicata
339 3630 397 3703 vel
411 3629 607 3726 triplicata,
622 3652 689 3725 pro
707 3629 849 3700 ratione
868 3651 989 3700 rerum
1007 3647 1176 3699 numera·

136 3753 281 3825 tarum;
308 3743 404 3815 utin
432 3742 503 3815 hac
526 3742 605 3838 ipsa
622 3740 835 3836 quaestione,
857 3740 922 3812 nbi
944 3739 1071 3834 gravia
1100 3759 1177 3808 non

137 3865 357 3951 percurrunt
374 3856 491 3952 spatia
508 3855 547 3927 in
570 3852 698 3925 eadem
725 3853 878 3941 ratione,
897 3851 962 3924 sed
992 3851 1030 3922 in
1058 3849 1177 3945 dupli-

138 3981 222 4042 cato
238 3980 509 4041 momentorum
537 3965 712 4062 temporis
726 3995 735 4049 ;
761 3975 803 4038 ut
820 3989 842 4036 a
859 3963 999 4038 Galileo
1030 3963 1180 4035 demon·

138 4092 294 4155 stratum
309 4080 416 4152 estin
435 4080 600 4175 Dialogis
613 4079 659 4151 de
673 4078 803 4162 Motu;
831 4077 870 4150 id
881 4076 980 4172 quod
993 4076 1181 4149 Wallisios

140 4194 284 4268 nesciit.
318 4191 403 4266 Qua
420 4193 562 4265 ratione
573 4191 802 4264 descendunt
814 4190 951 4286 gravia,
965 4189 1023 4262 vel
1036 4187 1181 4262 fluidae

140 4330 220 4382 vase
231 4307 400 4397 effluunt,
412 4330 486 4379 non
499 4316 554 4379 est
565 4303 785 4387 arithmetici
799 4304 942 4391 docere,
954 4302 1019 4377 sed
1028 4302 1180 4401 physici.
