2946 5010
437 431 719 486 montrum
739 432 926 489 furetur.
1129 421 1197 490 ³51

211 596 260 668 B.
289 596 485 686 Nimirum,
503 597 650 694 quando
668 598 785 672 nubes
802 610 841 671 et
856 598 982 695 pluvia
998 610 1085 672 eunt
1106 598 1205 674 infru
1256 624 1324 667 cir.
1340 623 1386 666 vo

160 707 390 783 horizontem
407 710 445 784 in
462 711 544 785 loco
558 711 656 785 uude
668 710 785 786 videri
802 712 919 787 nubes
931 735 1007 786 uon
1018 721 1203 809 poteraut,
1215 691 1418 808 affine,

160 845 230 896 nec
244 822 364 898 audiri
380 824 554 899 tonitrua.
1214 814 1418 931 ml*

213 936 262 1010 A.
292 937 419 1011 Nubes
429 937 615 1034 congelari
630 937 771 1033 primus
784 937 977 1035 supposuit
989 936 1203 1012 Curtesius:

161 1060 200 1122 et
217 1049 304 1123 inde
321 1051 537 1147 contingere
550 1049 760 1146 aliquando,
771 1062 814 1124 ut
826 1050 985 1148 plurima
996 1049 1206 1146 fragmenta

160 1161 292 1256 glaciei
317 1164 428 1237 eitum
453 1162 552 1237 inter
574 1186 613 1237 se
637 1164 750 1237 talem
773 1164 946 1250 habeant,
962 1175 1007 1238 ut
1029 1173 1204 1261 tanquam

159 1276 315 1350 totidem
340 1278 487 1374 specula
512 1277 636 1375 plures
665 1276 844 1375 imagines
871 1277 960 1353 solie
989 1279 1029 1352 iu
1056 1279 1206 1355 oculum*

160 1390 403 1466 reflecterent.

558 1982 664 2058 CAP.
696 1982 779 2056 VII.

162 2176 440 2230 PROBLEMATA
483 2180 536 2231 DE
575 2181 694 2233 MOTU
736 2178 1110 2233 PERPENDICULABI
1151 2181 1202 2235 ΕΤ

211 2292 421 2352 OBLIQUO:
450 2294 666 2346 ΕΕΕΕΑΟΤΟ
687 2294 738 2346 ΕΤ
757 2293 976 2345 uulturio:
1005 2294 1060 2345 DE
1079 2294 1202 2349 Pleus-

212 2405 339 2457 SIONE
369 2407 420 2459 ET
450 2408 764 2462 Puucusslouu:
792 2406 847 2458 ΒΕ
877 2405 1117 2460 ΤΒΔΟΤΙΟΝΕ
1149 2409 1201 2462 ΕΤ

209 2520 433 2572 PULSIONE.

209 2647 257 2721 A.
287 2649 329 2722 St
347 2648 423 2745 pila
439 2672 462 2721 a
478 2649 565 2722 dato
578 2661 717 2746 puncto
731 2648 910 2747 parietem
924 2649 1032 2724 feriat
1045 2673 1201 2749 perpen-

160 2760 386 2850 diculariter,
413 2774 452 2836 et
484 2787 611 2837 rursus
643 2765 688 2836 ab
716 2762 846 2837 eodem
876 2777 1015 2862 puncto
1042 2765 1199 2840 eundem

156 2876 335 2972 parietem
359 2877 518 2973 oblique,
537 2902 705 2975 quaenam
733 2878 804 2951 erit
824 2878 918 2951 ratio
946 2877 1079 2951 virium
1102 2879 1200 2954 inter

158 3012 197 3062 se
225 2990 357 3086 quibus
387 2991 566 3087 parietem
594 2990 753 3087 urgent?
804 2990 972 3087 Exempli
1002 3014 1123 3078 eausa,
1150 2993 1200 3066 sit

157 3104 277 3198 paries
295 3104 379 3192 AB,
392 3105 518 3178 datum
535 3115 715 3201 punctum
733 3105 774 3193 Ε,
789 3105 972 3200 solopetus
990 3104 1067 3192 OE,
1085 3128 1199 3202 aquo

157 3216 346 3289 emittatur
363 3217 439 3311 pila
454 3218 806 3313 perpendiculariter
823 3216 870 3289 ad
885 3218 924 3288 F.
961 3217 1089 3312 Sitque
1107 3217 1199 3291 solo·

157 3339 264 3421 petus
282 3327 376 3402 alter
394 3329 479 3417 DE,
496 3353 519 3402 a
536 3354 609 3427 quo
624 3331 756 3403 emissa
771 3329 848 3427 pila
863 3329 1003 3402 incidat
1025 3330 1064 3403 iu
1080 3330 1197 3427 parie-

157 3454 234 3512 tem
263 3440 311 3512 ed
341 3440 373 3514 G
404 3442 563 3538 oblique,
593 3443 658 3516 sed
687 3443 883 3516 velocitate
911 3442 1005 3539 peri.
1074 3443 1198 3518 Quum

158 3553 339 3626 rationem
356 3553 545 3628 habebunt
562 3556 659 3630 iuter
676 3579 715 3630 se
732 3579 859 3629 eurum
876 3556 997 3629 ictus?

206 3664 254 3739 B.
273 3667 338 3740 Vis
349 3667 443 3741 ictus
456 3692 535 3764 per·
660 3668 721 3707 Η

156 3780 536 3874 pendiculariseritud

158 3894 232 3965 vim
273 3894 457 3991 obliquam
496 3896 535 3967 in

157 4008 301 4081 ratione
328 4020 440 4083 rectae
467 4009 536 4083 EG
631 4089 646 4122 r

156 4122 205 4194 ud
223 4133 361 4194 rectum
378 4123 454 4194 EF.
640 4110 646 4121 ’

207 4235 257 4306 Α.
285 4234 359 4308 Qui
376 4235 456 4307 fieri
469 4258 531 4330 po·
563 4256 583 4296 1>

156 4354 230 4420 test
240 4360 283 4421 ut
295 4349 452 4422 tautusit
463 4347 529 4423 dif-
