2946 5010
237 420 311 488 296
553 432 607 485 nn
625 430 795 484 nonnas
814 432 951 486 Arma.

237 621 326 686 ante
351 612 508 686 certior:
533 626 570 689 et
593 639 674 711 qnae
693 614 817 689 dixisti
835 612 959 687 omnia
977 623 1086 686 teneo
1104 624 1142 687 et
1158 614 1286 709 probo,

237 726 309 799 nisi
327 725 426 823 quod
444 751 592 802 cansam
610 756 724 827 quare
741 740 867 804 suctor
884 738 1078 815 retractus,
1097 738 1135 801 et
1153 726 1287 800 deinde

239 864 352 914 manu
378 839 534 935 elapsus,
565 843 613 917 ad
639 844 889 919 summitatem
926 839 1083 938 cylindri
1111 841 1287 913 velociter

236 947 428 1042 ascendat,'
443 946 711 1050 recognoscens
728 969 830 1030 recte
854 953 1077 1048 assignatam
1104 976 1184 1026 esse
1210 976 1286 1026 non

239 1077 378 1162 putem.
431 1065 528 1140 Nam
545 1067 761 1143 incredibile
776 1080 832 1142 est
846 1068 885 1140 in
900 1077 1002 1139 motu
1020 1065 1286 1162 particularum

242 1178 350 1276 (quas
365 1179 557 1275 supponis)
575 1193 793 1270 terreorum,
811 1191 953 1254 tantam
971 1179 1089 1252 inesse
1102 1179 1178 1251 vim
1194 1190 1237 1251 ut
1248 1178 1287 1251 id

239 1293 385 1366 efficere
408 1293 536 1388 possit.
590 1294 701 1369 Quod
728 1309 853 1369 autem
883 1316 1005 1367 aerem
1032 1293 1096 1387 qui
1119 1291 1286 1364 incussus

240 1405 361 1479 fuerat
381 1406 513 1501 expelli
530 1406 617 1482 inde
644 1408 769 1499 infers,
787 1431 857 1504 ego
885 1418 1029 1491 contra,
1053 1404 1136 1478 ideo
1164 1417 1286 1478 sucto-

240 1542 318 1592 rem
347 1518 468 1592 subito
501 1520 700 1595 ascendere
727 1520 909 1609 existimo,
937 1519 1035 1616 qnia,
1064 1519 1287 1592 retractione

241 1643 422 1721 cessante,
440 1656 505 1705 aer
521 1635 584 1730 qui
610 1635 788 1731 impulsus
806 1657 941 1730 magna
954 1634 991 1705 vi
1007 1633 1139 1721 fuerat,
1157 1631 1286 1705 eadem

240 1745 277 1818 vi
300 1745 397 1818 inter
421 1746 578 1819 suctoris
603 1749 833 1843 superficiem
856 1770 1057 1820 convexam
1075 1757 1113 1820 et
1129 1744 1286 1842 cylindri

241 1880 440 1931 concavam
459 1858 664 1953 expellitur,
682 1871 720 1934 et
736 1858 890 1957 proinde
911 1858 1118 1955 (supposita
1130 1857 1288 1954 plenitu-

240 1970 329 2043 dine
346 1969 490 2063 mundi)
512 1994 575 2043 aer
591 1986 779 2062 externus,
806 1971 853 2045 ad
874 1972 996 2044 locum
1014 1994 1121 2043 snum
1138 1971 1287 2044 restitu-

243 2096 315 2172 ωε,
347 2082 454 2156 simul
478 2096 663 2159 suctorem
688 2087 852 2160 restituit
881 2084 930 2159 ad
958 2085 1080 2157 locum
1109 2083 1207 2157 unde
1229 2106 1288 2154 re-

242 2207 483 2271 tractnsante
500 2196 633 2272 inerat.
961 2184 965 2193 ⁵

293 2310 344 2383 Α.
371 2309 475 2382 Idem
505 2334 651 2385 censeo.
713 2311 867 2384 Erravi:
904 2323 942 2383 et
970 2334 1131 2383 errorem
1166 2333 1288 2382 meum

243 2436 343 2498 recte
362 2423 567 2497 correxisti.
