2946 5010
441 437 774 494 anomnnunnou.
1052 426 1126 506 ⁴¹7

496 854 600 930 CAP.
627 855 714 929 XII.

335 1051 390 1102 DE
417 1052 568 1104 usuum
601 1052 874 1106 RATIONIBUS.

83 1166 310 1241 Duruurro
333 1181 459 1243 sexta:
486 1170 524 1242 in
543 1170 670 1244 eadcm
687 1170 832 1242 notione
849 1168 1125 1268 magnitudines

84 1279 260 1352 dicuutur
287 1304 380 1372 csse,
402 1282 531 1381 prima
558 1282 612 1356 ad
634 1283 845 1372 secundam,
873 1283 1050 1356 attentio
1073 1281 1127 1355 ad

83 1403 264 1498 quartam,
282 1418 361 1466 cum
373 1395 508 1492 prima
533 1404 571 1468 et
593 1397 716 1469 tertia
734 1420 838 1493 aque
858 1395 1081 1493 multiplicia
1099 1420 1124 1468 a

82 1505 250 1578 secunda
276 1516 314 1579 et
337 1517 480 1604 quarta
497 1533 601 1605 aque
618 1507 894 1606 multiplicibus,
912 1506 1120 1606 qualiscun-

83 1644 149 1715 que
166 1620 218 1692 ait
234 1619 314 1692 lac
330 1620 603 1719 multiplicatio,
620 1631 809 1719 utrumque
826 1620 873 1695 ab
891 1630 1048 1717 utroque
1064 1620 1126 1694 ael

82 1755 156 1803 unu
174 1731 358 1825 deficiam,
376 1732 437 1806 acl
456 1758 530 1807 una
547 1733 825 1831 agundarum,
843 1732 903 1807 acl
917 1757 991 1806 nna
1017 1758 1122 1806 cuce-

82 1842 199 1915 dnnt:
222 1843 257 1915 ai
274 1869 320 1917 eu
333 1855 524 1918 sumantur
536 1870 618 1942 quoe
635 1845 735 1918 inter
752 1869 792 1917 ac
809 1845 1045 1943 respondent.

133 1955 175 2029 In
193 1955 264 2029 hac
282 1956 494 2031 definitione
520 1959 621 2031 nulla
647 1958 787 2031 mentio
812 1969 867 2031 est
895 1957 1123 2032 habitudinis

82 2069 189 2141 anina
202 2071 471 2169 magnitudinis
485 2072 539 2144 ud
552 2072 680 2160 aliam,
692 2096 776 2145 cum
787 2083 911 2145 tamen
926 2095 971 2145 ex
991 2071 1123 2145 defini-

82 2180 182 2255 tione
199 2183 362 2258 Euclidis
380 2187 492 2258 verba
518 2185 580 2258 illa
606 2197 693 2259 sunt
710 2185 756 2259 de
774 2185 926 2259 rationis
950 2186 1120 2260 essentia.

83 2294 211 2392 ltaque
228 2309 293 2371 aut
318 2298 482 2371 definitio
499 2299 671 2389 nationia,
695 2309 759 2373 aut
777 2298 941 2372 definitio
959 2299 1122 2395 ejusdcm

81 2409 255 2498 rationis,
273 2410 406 2484 vitiosa
430 2425 495 2484 est.
548 2412 677 2509 Neque
695 2411 839 2484 axioma
856 2424 924 2501 est,
943 2413 1029 2507 quia
1045 2436 1127 2485 non·

81 2533 139 2593 est
155 2523 292 2596 lumine
311 2525 469 2598 naturali
494 2524 802 2621 cognoscendum.
855 2525 984 2621 Neque
1003 2535 1120 2598 estex

81 2636 384 2711 antecedentibus
402 2637 697 2711 demonstrabile.
749 2638 880 2733 Neque
898 2636 1055 2733 denique
1073 2637 1119 2711 de

81 2749 286 2843 quantitate
317 2752 493 2825 continua
520 2750 804 2825 demonstrabile
834 2763 963 2824 estex
993 2752 1145 2830 subse-c

81 2864 289 2958 quentibus.
341 2866 389 2938 Et
411 2877 535 2938 tamen
552 2888 640 2938 vera
656 2876 712 2938 est
734 2864 950 2962 propositio,
968 2877 1007 2937 et
1031 2889 1119 2938 con-

79 2999 184 3049 versa
201 2978 460 3074 propositionis
484 2988 526 3052 12
544 2979 653 3075 hujus
669 2977 851 3052 Elemeuti
867 3003 903 3050 v.
959 2978 1118 3051 Demon-

79 3088 188 3161 strari
216 3101 340 3164 autem
370 3104 494 3187 potest
527 3116 594 3188 per
624 3090 874 3165 definitionem
907 3113 1018 3183 quam
1049 3114 1118 3186 ego

77 3200 183 3295 posui
207 3202 325 3275 hanc:
352 3203 456 3275 ratio
479 3213 537 3275 cst
563 3204 718 3276 duarum
740 3201 1033 3300 magnitudinum
1060 3225 1117 3273 ac-

79 3313 233 3386 cundum
268 3316 513 3411 quantitatem
546 3315 682 3388 relatio
698 3343 712 3388 .·
755 3327 793 3388 et
827 3314 1116 3388 demonstratam

76 3425 163 3498 ridi.

128 3538 285 3628 Clarius,
318 3540 479 3614 sentiens
511 3541 569 3633 (ut
601 3539 709 3637 puto)
743 3538 994 3612 definitionem
1020 3538 1117 3613 hanc

78 3676 185 3749 egere
210 3652 434 3743 defensioue,
451 3656 611 3751 longam,
630 3654 675 3728 de
702 3677 811 3728 causa
832 3665 984 3750 propter
1007 3677 1116 3750 quam

77 3767 281 3840 “Euclides
300 3779 458 3862 quatuor
475 3767 748 3865 magnitudines
771 3767 1062 3864 proportionales
1079 3778 1117 3839 et

75 3903 151 3952 uon
168 3881 458 3977 proportionales
475 3905 542 3977 per
559 3903 685 3953 earum
699 3904 802 3977 aeque
819 3879 1037 3976 multiplicia
1054 3879 1116 3952 de·

75 3992 246 4081 finierit‚”
265 3995 468 4066 orationem
496 3993 701 4081 instituens,
725 3993 863 4065 nullam
889 3992 1010 4066 adfert
1032 4016 1117 4066 cau·

74 4129 152 4180 sam
182 4107 302 4195 aliam,
331 4116 575 4204 praeterquam
601 4106 711 4205 quod,
737 4120 890 4203 propter
915 4107 1115 4179 multarum

75 4222 371 4318 magnitudinum
396 4220 881 4309 incommensurabilitatem‚
899 4232 1048 4293 coactus
1066 4220 1115 4292 sit

75 4334 296 4433 investigare
313 4335 452 4432 aliquid
470 4334 569 4431 quod
586 4346 730 4408 certum
747 4334 796 4406 sit
821 4334 1017 4407 convenire
1034 4335 1114 4429 qui-

175 4471 269 4523 von.
285 4471 342 4523 ιν.
943 4468 967 4519 u
988 4469 1013 4520 u

1165 1204 1233 1244 CAP.
1249 1204 1304 1245 ΧΠ.

1163 1273 1306 1306 »ην-ν

1166 1331 1201 1375 De
1211 1331 1288 1375 iisdem

1163 1396 1291 1440 rationibus.
