2946 5010
337 430 650 485 nnunnunrron
670 433 915 487 trocmund.
1096 422 1144 488 49

105 608 206 672 atum
232 619 312 671 esse
334 599 407 694 jus,
429 600 488 673 vel
510 600 619 674 aliam
648 624 727 674 rem
760 624 1026 698 quamcunque,
1056 614 1146 675 tunc
1184 631 1334 673 sumens

105 709 253 806 qnando
281 734 400 807 neque
426 712 506 808 ipsa
535 736 656 809 neque
682 713 758 786 ulla
786 716 865 809 ejus
893 737 979 810 pars
1009 714 1145 787 existit.
1185 713 1328 816 „L

104 823 179 897 Sed
206 846 322 919 quare
346 823 457 897 homo
482 825 774 915 mathematicus,
803 825 848 898 de
878 826 1146 900 mathematicis

104 936 281 1026 scribens,
313 935 479 1033 exemplo
504 937 623 1010 utitur
643 937 762 1034 juris?
823 938 883 1011 An
914 939 1025 1012 etiam
1051 938 1146 1034 juris

103 1053 264 1126 Romani
277 1053 418 1149 peritus
436 1054 517 1126 est?
556 1053 616 1126 An
634 1054 757 1151 potius
770 1079 837 1151 per
849 1056 920 1128 hoc
939 1054 1146 1151 exemplum

103 1167 184 1241 fieri
201 1189 309 1264 posse
327 1168 498 1263 sperabat
515 1179 559 1240 ut
575 1191 655 1241 esse
672 1168 910 1243 crederetur?

155 1279 205 1352 B.
235 1279 370 1354 Nescio
387 1304 500 1366 sane;
527 1281 592 1354 sed
618 1280 722 1355 illum
745 1306 844 1355 nunc
869 1281 1032 1378 incipere
1056 1292 1146 1377 puto

103 1417 128 1467 a
142 1393 336 1490 principio,
353 1405 397 1466 ut
413 1392 474 1466 ille
491 1405 613 1484 vocat,
631 1393 757 1467 ultimo
775 1394 873 1492 quod
886 1418 968 1467 non.

152 1503 202 1580 A.
235 1505 353 1579 Unum
378 1506 501 1605 igitur
524 1532 710 1580 numerum
736 1533 819 1582 esse
848 1509 991 1604 offirmo
1002 1534 1017 1590 ,·
1042 1506 1147 1579 mini-

104 1643 198 1692 mum
220 1618 318 1692 enim
341 1629 411 1709 eat,
431 1619 533 1716 quod
557 1619 775 1714 affirmative
806 1619 1004 1718 respondet
1030 1643 1146 1718 quda-

105 1731 209 1819 ttoni,
244 1755 355 1829 quom
389 1730 609 1805 multa—Si
643 1732 763 1806 dicam
793 1732 1007 1829 responderi
1036 1733 1147 1805 etiam

103 1866 212 1940 posse
228 1867 297 1940 per
308 1843 456 1934 nullam,
468 1844 545 1918 scio
563 1844 662 1942 qnod
679 1843 802 1942 exiget
818 1859 862 1919 ut
881 1845 1148 1942 respondeatur

104 1956 334 2031 affirmative.
385 1956 478 2030 Dico
496 1981 584 2053 ergo
603 1959 810 2054 quaestioni,
837 1968 926 2057 quot
943 1958 1019 2031 sive
1037 1983 1148 2055 picam

104 2068 233 2158 mlta,
252 2093 327 2144 nou
350 2070 500 2143 omnino
525 2071 740 2167 responderi
757 2083 842 2167 apte
861 2083 898 2143 et
914 2070 1022 2166 plene
1038 2093 1148 2166 posse

104 2183 183 2256 sine
208 2183 419 2279 negatione.
469 2183 566 2257 Nam
598 2185 661 2279 qui
685 2183 830 2256 unicam
853 2182 1147 2277 habensfilium,

104 2296 288 2391 quaerenti
317 2307 408 2394 quot
430 2297 583 2371 haberet
599 2297 706 2384 filios,
731 2297 928 2394 respondet
944 2321 1011 2394 per
1029 2320 1147 2384 anam,

105 2432 181 2482 non
198 2409 289 2483 satis
306 2410 414 2506 plene
427 2410 636 2507 respondet,
648 2411 735 2507 quia
752 2421 789 2485 et
806 2411 869 2506 qui
885 2411 1007 2508 plures
1023 2410 1148 2495 habet,

105 2544 221 2594 unum
251 2522 375 2597 habet.
428 2523 738 2620 Respondendum
773 2547 861 2620 ergo
892 2548 966 2597 non
997 2535 1053 2596 est
1081 2546 1148 2619 per

104 2658 212 2708 naum
239 2633 305 2708 sed
329 2658 396 2731 per
418 2636 573 2725 unicum,
590 2634 629 2708 id
653 2646 721 2722 est,
737 2660 852 2709 unum
869 2660 937 2710 nec
956 2637 1092 2734 plures,
1109 2635 1149 2709 id

105 2759 175 2836 est,
194 2771 271 2822 non
298 2747 377 2821 sine
398 2748 606 2844 negatione.
658 2748 717 2821 Ita
739 2750 850 2822 etiam
867 2749 897 2822 si
914 2750 1146 2846 respondeat,

104 2859 228 2955 plures
254 2859 404 2949 habens,
433 2860 538 2950 duos,
561 2884 636 2934 non
663 2861 771 2957 plene
800 2863 1009 2958 respondet,
1037 2887 1148 2961 prop-

104 2983 208 3047 terea
233 2973 347 3070 quod,
364 2973 428 3069 qui
450 2984 527 3046 tres
552 2974 674 3064 habet,
693 2973 785 3047 duos
807 2974 929 3049 habet.
981 2975 1147 3073 Respon-

106 3085 268 3159 dendum
295 3109 384 3182 ergo
404 3095 460 3160 est
482 3109 548 3182 per
574 3087 665 3160 duos
682 3110 749 3159 nec
768 3086 914 3183 plures,
931 3087 968 3160 id
987 3101 1053 3176 est,
1071 3113 1147 3163 non

105 3198 183 3270 sine
201 3199 410 3294 negatione.
462 3198 558 3273 Illud
575 3223 675 3295 ergo,
694 3201 794 3297 quod
809 3225 877 3298 pro
895 3226 1006 3275 causa
1028 3203 1148 3277 adfert

106 3335 218 3407 quare
231 3311 431 3385 crediderit
444 3337 550 3385 anum
563 3337 646 3385 esee
658 3338 853 3403 numerum,
864 3339 974 3389 causa
983 3339 1060 3389 esse
1071 3340 1147 3389 non

104 3424 239 3520 potuit.
275 3424 360 3498 Vin'
375 3448 536 3514 causam,
554 3449 666 3522 quare
683 3426 722 3499 id
740 3439 869 3501 contra
885 3439 965 3501 tum
982 3440 1146 3502 veterum

104 3547 184 3610 tum
200 3537 405 3610 recentium
422 3538 585 3611 omnium
599 3541 817 3613 sententiam
829 3565 956 3614 verum
974 3565 1052 3614 esse
1070 3565 1147 3614 cre-

105 3648 254 3737 diderit,
272 3648 393 3723 dicam
412 3673 493 3746 ego,
511 3651 574 3746 qui
591 3674 672 3724 eam
688 3652 765 3726 scio
785 3654 915 3727 melius
933 3677 1042 3750 quam
1059 3653 1144 3726 ille?

156 3761 207 3835 B.
232 3761 340 3836 Volo.

153 3876 205 3950 A.
232 3874 326 3948 Cum
344 3874 490 3971 legebat
501 3900 737 3950 numerorum
750 3877 858 3950 cifras
876 3887 907 3965 l,
918 3888 954 3967 2,
966 3889 1001 3966 3,
1012 3887 1048 3966 4,
1060 3889 1143 3966 etc,

103 3989 161 4063 rel
178 4011 265 4062 curn
281 3986 454 4061 audiebat
470 3989 619 4062 nomina
634 4014 761 4077 unum,
780 3991 865 4078 duo,
878 3991 960 4080 tria,
974 4002 1142 4088 quatuor,

103 4114 187 4191 etc,
207 4100 318 4175 cifras
345 4099 425 4174 illas
453 4113 492 4173 et
521 4102 671 4174 nomina
693 4103 756 4175 illa
781 4129 848 4200 pro
871 4105 1032 4178 numeris
1055 4107 1143 4202 ipsis

102 4212 301 4289 nominatis
318 4212 569 4308 intelligebat:
596 4227 638 4287 ut
655 4228 692 4288 et
708 4218 817 4313 paulo
835 4228 932 4307 ante,
947 4242 1030 4291 cum
1048 4221 1145 4293 dice·

102 4341 158 4406 ret
174 4352 248 4404 νοω
266 4326 390 4400 unitas
406 4337 463 4400 eat
479 4352 656 4402 numm.

200 4462 300 4516 VOL.
316 4461 373 4512 lv.
1018 4467 1042 4516 Ε
