2946 5010
471 432 961 493 Pnonnnuxrxnnxsrcu.
1163 419 1232 486 331

246 597 297 672 Β.
322 596 478 697 Decepit
495 614 533 676 te
549 603 743 700 phantasia
759 613 835 679 tua.
887 605 928 679 Si
941 602 1113 677 baculum
1126 624 1238 675 mauu

195 720 336 799 tenena,
351 713 454 807 cujus
468 714 515 787 sit
531 715 649 812 ignita
662 740 747 812 pars
760 729 925 791 extrema
936 728 979 790 ut
992 716 1126 805 luceat,
1137 714 1237 788 illam

195 824 372 898 velociter
388 848 547 916 moveas,
567 829 687 926 sitque
703 842 826 905 motus
844 830 905 904 ille
926 829 1125 917 circularis,
1138 827 1238 901 vide·

196 938 299 1012 bitur
316 940 477 1014 circulus
494 943 552 1014 vel
570 966 677 1016 arcus
695 944 823 1017 circuli
849 944 1014 1040 ignitus;
1041 943 1098 1016 sin
1115 951 1238 1015 motus

198 1052 246 1124 sit
264 1063 401 1142 rectus,
419 1053 516 1127 linea
540 1068 643 1129 recta
672 1056 793 1153 ignea,
818 1059 936 1154 major
953 1056 1012 1130 vel
1032 1056 1152 1129 minor
1169 1077 1237 1150 pro

198 1165 344 1238 ratione
360 1165 565 1240 velocitatis
578 1181 617 1242 et
634 1169 744 1265 spatii
762 1169 861 1266 quod
870 1170 1115 1266 percurritur:
1133 1167 1238 1265 cujus

197 1279 251 1351 rei
269 1301 418 1352 causam
437 1280 526 1353 satis
544 1282 654 1354 nosti.
1023 1318 1025 1322 ³

246 1392 296 1465 A.
323 1393 478 1466 Causam
501 1406 592 1491 puto
621 1419 712 1485 esse,
737 1394 835 1492 quod
862 1405 985 1469 motus
1008 1396 1054 1468 ab
1085 1395 1238 1491 impres-

198 1505 299 1580 sione
340 1507 460 1602 prima
492 1507 531 1580 in
568 1530 707 1603 organo
742 1508 888 1581 duravit
920 1532 1036 1603 usque
1070 1506 1158 1579 dum
1191 1505 1238 1579 ab

198 1620 344 1714 objecto
361 1619 447 1714 igne
466 1631 567 1693 totus
585 1621 757 1708 circulus,
774 1620 834 1694 vel
850 1632 930 1694 tota
942 1620 1041 1693 linea
1056 1630 1158 1693 recta
1175 1617 1238 1692 de-

199 1732 336 1829 scripta
360 1744 465 1806 esset.
518 1734 573 1805 Ex
600 1758 674 1829 quo
698 1733 945 1807 necessarium
969 1743 1060 1821 erat,
1077 1744 1121 1807 ut
1142 1731 1240 1828 ignis

197 1845 259 1918 ille
276 1845 315 1918 iu
326 1846 495 1919 omuibus
511 1846 628 1935 liueae,
640 1847 715 1919 sive
728 1857 839 1920 rectae
856 1846 931 1919 sive
945 1869 1079 1935 curvae,
1092 1845 1240 1942 punctis

198 1959 306 2031 simul
323 1959 519 2048 videretur,
538 1983 621 2032 cum
634 1961 680 2034 ab
694 1960 794 2034 omui
810 1972 916 2057 parte
933 1983 1080 2033 sensum
1097 1981 1241 2056 semper

199 2072 589 2168 aequaliterexcitaret.

250 2184 299 2258 B.
329 2184 487 2258 Causam
505 2185 623 2281 ipsam
640 2183 775 2258 dixisti.
821 2185 989 2260 Scintilla
1001 2184 1111 2281 ignis,
1129 2183 1242 2259 etiam

199 2298 351 2371 minima
367 2298 529 2387 visibilis,
546 2298 721 2371 velociter
743 2298 947 2372 ascendens
971 2298 1119 2372 videtur
1145 2298 1244 2372 linea

199 2413 317 2508 ignea.
371 2412 524 2506 Propter
553 2410 709 2484 eundem
731 2410 836 2486 illum
863 2423 1006 2486 motum
1023 2435 1132 2508 quem
1159 2434 1244 2508 sup·

199 2523 318 2619 posui,
342 2523 489 2597 videtur
516 2525 626 2597 etiam
653 2525 772 2598 latior.
826 2526 875 2600 Et
902 2536 1099 2623 propterea
1125 2524 1243 2599 omnis

200 2639 346 2710 flamma
359 2639 564 2711 necessario
582 2650 734 2734 apparet
751 2641 868 2714 multo
885 2640 1015 2734 major,
1036 2638 1142 2735 (puto
1161 2637 1245 2735 plus

203 2775 314 2848 quam
331 2752 469 2824 centies
485 2753 626 2847 major),
645 2776 756 2847 quam
772 2764 830 2826 est
854 2775 987 2848 corpus
1003 2751 1123 2847 ipsum
1145 2750 1244 2825 unde

204 2864 289 2938 exit.

254 2977 301 3053 A.
331 2976 608 3073 Scintillaequid
625 2977 736 3052 snut?

253 3092 302 3163 B.
332 3090 426 3162 Sunt
443 3089 547 3184 ligni,
566 3090 625 3164 vel
649 3093 897 3186 cujuscunque
914 3089 1079 3186 corporis
1102 3088 1245 3161 inflam-

204 3204 305 3293 mati,
333 3202 577 3276 minutissima
598 3203 738 3277 frusta:
765 3227 848 3298 quae
874 3201 991 3275 frusta
1016 3226 1040 3275 a
1055 3212 1159 3274 motu
1180 3201 1244 3274 illo

204 3319 362 3413 primum
381 3316 585 3411 eriguntur,
605 3315 736 3388 deinde
763 3315 1008 3410 effringuntur
1037 3325 1074 3388 et
1097 3313 1246 3387 evolant

205 3453 289 3502 curn
306 3454 389 3502 aere
407 3453 481 3501 una
493 3428 725 3502 ascendente.
780 3428 854 3503 Sed
872 3437 1069 3524 antequam
1086 3426 1244 3513 evolant,

207 3543 237 3615 si
254 3542 350 3639 ignis
368 3541 617 3637 extinguatur,
635 3551 759 3636 partes
775 3541 848 3614 illae
865 3553 997 3614 erectae
1015 3564 1083 3613 nec
1107 3549 1245 3613 evectae

205 3666 375 3728 naturam
405 3654 543 3728 habent
565 3652 750 3749 fuliginis:
778 3665 815 3727 et
846 3664 932 3727 sunt
961 3650 1245 3741 combustibiles,

207 3766 326 3855 idest,
342 3766 571 3863 dissipabiles
589 3766 627 3839 in
644 3767 762 3841 frusta
779 3766 900 3840 adhuc
917 3765 1126 3839 minutiora.

256 3879 304 3953 Α.
334 3879 455 3952 Etiam
482 3903 502 3952 e
531 3877 768 3977 frigidissimo
798 3878 919 3975 lapide
944 3879 1099 3952 extundi
1125 3887 1247 3973 potest

207 3992 364 4066 scintilla
394 3991 530 4065 lucens.
583 3993 669 4067 Non
686 3991 832 4065 videtur
847 4015 935 4087 ergo
953 3992 1072 4065 omnis
1090 3989 1248 4065 scintilla

206 4119 358 4203 propter
375 4105 534 4179 calorem
552 4106 814 4202 splendescere.

255 4217 302 4290 B.
331 4219 434 4292 Non:
453 4217 529 4308 sed,
544 4230 587 4292 ut
600 4219 676 4292 dixi
690 4230 788 4308 aute,
802 4217 898 4291 calet
908 4226 946 4291 et
958 4216 1126 4314 splendet
1137 4240 1248 4315 prop·

207 4340 265 4404 ter
284 4332 386 4406 illum
404 4355 512 4428 quem
530 4331 639 4406 toties
663 4331 738 4405 dixi
763 4341 915 4407 motum.
970 4329 1096 4405 Motus
1124 4340 1248 4405 autem

1283 622 1351 664 OAP.
1365 622 1408 663 1v.

1277 691 1420 726 r-w-a

1289 752 1406 798 neuton

1288 818 1376 864 atluoe.
