2956 5018
422 410 496 477 422
563 423 619 475 nn
638 423 869 502 nmnarrns
888 423 939 476 nr
958 421 1319 476 namocruamonu

823 738 926 812 CAP.
958 738 1065 812 XIII.

684 923 737 974 Du
757 922 981 976 RATIONUM
1002 922 1201 975 CALCULO.

240 1059 308 1100 0⁸1*-
323 1058 390 1099 1111·
424 1039 651 1113 Duururmo
687 1038 830 1113 decima
865 1039 1195 1136 irreprehensibilis
1230 1049 1298 1121 est,
1332 1059 1473 1134 nempe

228 1126 383 1229 uxum]
423 1151 525 1225 haeo:
571 1150 661 1224 Cum
685 1163 803 1224 antam
837 1161 913 1223 tres
943 1150 1218 1251 magnitudines
1239 1150 1473 1247 proportio·

424 1263 711 1362 notessucrnnt,
723 1264 849 1361 prima
867 1264 922 1337 nd
933 1265 1083 1338 tertiam
1099 1263 1331 1363 duplicatum
1348 1262 1474 1335 ratio·

424 1402 502 1450 nem
518 1376 657 1450 habere
674 1376 817 1450 dicitnr
834 1378 915 1470 ejus
928 1401 1037 1474 qnam
1054 1375 1165 1450 habet
1181 1375 1237 1448 ad
1247 1373 1472 1447 secundam:

229 1249 323 1295 uitulo

424 1499 466 1564 ut
484 1515 563 1563 cnm
581 1497 741 1586 quotuor
762 1488 1036 1586 magnitudines
1053 1485 1356 1588 proportionales
1369 1486 1471 1582 fitc-

423 1602 510 1692 rint,
538 1602 669 1700 prinra
703 1601 757 1675 od
799 1613 973 1699 quartam
1013 1602 1244 1700 triplicatam
1283 1599 1471 1673 rationem

423 1713 561 1787 trohen
579 1714 719 1788 dicitnr
736 1715 816 1810 ejus
833 1739 941 1812 qnam
957 1712 1069 1788 habet
1094 1715 1148 1787 od
1172 1712 1371 1785 secundum
1385 1738 1399 1784 :
1425 1723 1469 1787 ct

423 1850 569 1925 semper·
586 1827 773 1925 deinceps,
791 1851 861 1900 uno
881 1825 1042 1924 amplias
1066 1825 1242 1925 quamdin
1263 1824 1470 1922 proportio

424 1940 605 2014 extiterit.

473 2054 540 2127 Est
562 2065 687 2127 autem
709 2051 808 2149 qnod
831 2050 1049 2149 reprehendi
1075 2064 1198 2147 potest
1224 2064 1262 2124 et
1289 2051 1401 2124 debet
1423 2050 1468 2126 in

424 2165 652 2262 expositione
668 2166 778 2262 hujus
795 2163 1017 2239 definitionis
1043 2164 1142 2261 apud
1167 2165 1348 2237 Clanium.
1401 2165 1468 2240 Sic

425 2279 523 2351 enim
550 2278 702 2351 scribit:
738 2283 761 2317 “
775 2277 998 2373 Interpretes
1015 2277 1182 2349 nonnulli
1211 2278 1390 2373 colligunt
1417 2301 1467 2352 ex

424 2393 493 2466 hac
519 2391 743 2480 definitione,
762 2391 793 2464 si
817 2403 1071 2487 proponantur
1095 2392 1218 2486 plures
1236 2391 1467 2488 quantitates

425 2506 598 2579 continue
609 2504 910 2600 proportionales,
921 2504 1196 2599 proportionem
1207 2504 1335 2600 primae
1347 2527 1468 2598 quan·

425 2621 541 2693 titatis
558 2619 606 2691 ad
632 2619 779 2690 tertiam
797 2641 875 2690 esse
893 2617 1040 2712 duplam
1066 2618 1311 2712 proportionis
1335 2617 1468 2712 primae

425 2730 641 2827 quantitatis
658 2729 704 2802 ad
728 2729 937 2815 secundam,
964 2729 1132 2823 eoquod
1162 2729 1332 2802 Euclides
1361 2728 1466 2802 illam

425 2855 532 2915 vocet
567 2841 790 2937 duplicatam
823 2840 1097 2937 proportionem
1132 2842 1252 2938 hujus
1320 2842 1466 2915 Eodem

425 2955 534 3029 modo
555 2954 695 3041 volunt,
718 2953 992 3049 proportionem
1018 2955 1147 3049 primae
1173 2954 1388 3051 quantitatis
1417 2956 1468 3029 ad

427 3079 606 3165 quartam,
637 3090 714 3139 esse
749 3066 896 3162 triplam
929 3067 1176 3162 proportionis
1207 3091 1315 3163 qnam
1350 3068 1467 3143 habet

426 3184 545 3279 prima
567 3182 750 3277 quantitas
773 3180 821 3253 ad
845 3179 1054 3269 secundam,
1079 3192 1149 3254 etc.
1204 3181 1314 3255 Quod
1340 3196 1468 3256 tamen

428 3295 528 3368 nnlla
544 3308 599 3367 est
617 3295 758 3368 ratione
776 3294 1063 3367 concedendum.
1125 3294 1256 3390 Neque
1275 3296 1372 3367 enim
1390 3297 1469 3369 Eu-

427 3408 540 3481 clides
551 3408 621 3481 hoc
633 3408 839 3503 significare
856 3408 982 3496 voluit,
994 3408 1059 3481 sed
1069 3406 1196 3481 docuit
1208 3410 1467 3484 tantummodo

427 3522 702 3618 proportionem
719 3521 845 3617 primae
863 3521 1081 3618 quantitatis
1098 3521 1146 3594 ad
1164 3522 1322 3610 tertiam,
1340 3524 1470 3618 appel-

429 3636 496 3709 lari
508 3634 728 3731 duplicatam
747 3637 825 3731 ejus
839 3635 1085 3731 proportionis
1102 3658 1211 3730 quam
1222 3636 1333 3708 habet
1347 3636 1470 3731 prima

430 3749 616 3845 quantitas
633 3748 680 3821 ad
698 3747 895 3822 secundam
910 3779 920 3831 ;
947 3761 1141 3844 propterea
1157 3749 1255 3846 quod
1279 3751 1374 3823 inter
1392 3752 1470 3846 pri-

431 3886 529 3934 mam
560 3863 801 3957 quantitatem
831 3886 875 3935 ac
904 3863 1052 3935 tertiam
1083 3863 1263 3958 reperitur
1290 3864 1469 3959 quodam·

431 3975 541 4048 modo
558 3976 748 4071 proportio
762 3974 889 4070 primae
902 3977 1119 4071 quantitatis
1130 3975 1178 4048 ad
1188 3978 1387 4050 secundam
1399 3979 1470 4053 dn-

430 4089 567 4183 plicata
581 4120 590 4172 ;
616 4089 751 4184 qnippe
768 4111 853 4160 cnm
875 4090 973 4160 inter
990 4090 1146 4185 primam
1163 4091 1406 4185 quantitatem
1423 4118 1470 4167 ac

432 4201 579 4273 tertiam
596 4202 877 4297 interponantur
895 4201 977 4275 duae
994 4203 1249 4298 proportiones
1262 4206 1421 4300 aquales
1434 4208 1471 4281 ei

431 4313 673 4409 proportioni,
692 4338 799 4409 quam
813 4314 924 4388 habet
937 4313 1056 4410 prima
1069 4317 1257 4411 quantitas
1274 4316 1322 4390 ad
1339 4342 1470 4396 secuu-
