2946 5010
475 420 808 476 onomnrnanum.
1086 397 1159 474 447

529 711 633 786 ΟΑΡ.
668 711 755 785 XX.

372 895 426 946 un
446 894 717 947 nrunnsmnu
737 891 914 945 olacnnr.

123 1037 344 1110 ancrpm
371 1034 443 1108 ista
468 1060 550 1132 quae
574 1058 685 1132 supra
702 1059 725 1108 a
742 1058 800 1107 me
821 1033 1044 1129 reprehensa
1062 1041 1163 1118 sunt,
1210 1062 1277 1104 cnr.
1292 1060 1344 1100 xx.

122 1150 256 1223 mirum
273 1159 330 1221 est
346 1147 457 1220 etiam
476 1160 655 1244 quantum
672 1147 721 1221 ad
748 1146 996 1243 pulcherrima
1017 1167 1164 1240 geome-
1192 1127 1366 1232 ,ὦ

123 1263 205 1336 triae
238 1260 467 1357 problemata
500 1259 721 1333 invenienda
754 1258 851 1330 viam
885 1259 1164 1330 obstruxerunt:
1191 1251 1276 1299 Μ’)

123 1398 279 1472 quorum
307 1373 473 1468 exempla
501 1372 625 1468 aliqua
647 1373 708 1445 hic
735 1369 804 1444 tibi
831 1370 1016 1459 exhibere,
1040 1392 1164 1466 operae

124 1487 283 1585 pretium
309 1509 388 1558 esse
405 1496 508 1580 puto.

176 1600 233 1673 Sit
251 1598 470 1695 quadratum
486 1598 630 1671 ABCD.
667 1598 802 1672 Centro
821 1597 867 1684 Α,
877 1594 1070 1668 intervallo
1087 1593 1166 1685 AB,

124 1711 328 1809 descriptus
361 1712 410 1784 sit
443 1711 571 1784 circuli
594 1711 779 1808 quadrans
808 1709 920 1782 ABD.
985 1708 1167 1780 Secentur

124 1826 241 1900 latera
265 1825 345 1913 ΑΙ),
364 1824 427 1897 ΒΟ
443 1824 612 1898 bifariam
629 1825 668 1897 in
685 1825 715 1897 E
733 1837 772 1897 et
796 1823 834 1895 F.
895 1822 1016 1894 Ducta
1032 1820 1093 1893 EF
1110 1842 1166 1892 se-

124 1949 232 2011 cante
249 1962 375 2011 arcum
401 1937 468 2010 BD
491 1937 529 2010 in
553 1938 596 2028 G,
615 1938 687 2012 erit
709 1959 818 2011 arcus
837 1932 903 2012 BG
920 1935 1036 2008 totius
1060 1955 1168 2007 arcus

125 2051 191 2124 BD
208 2073 293 2147 pars
311 2050 433 2123 tertia.

173 2164 242 2237 Per
258 2175 437 2258 punctum
458 2161 490 2236 G
507 2160 664 2235 ducatur
681 2170 784 2234 recta
814 2160 901 2235 lGK
918 2159 1090 2257 parellela
1116 2157 1170 2231 la-

126 2277 196 2348 teri
214 2274 288 2362 BC,
302 2297 432 2347 secans
446 2274 512 2346 AB
530 2274 568 2346 in
587 2273 604 2346 Ι
624 2285 662 2346 et
680 2273 748 2346 ΟΙ)
761 2273 799 2346 in
815 2274 862 2361 K,
874 2272 1170 2369 producaturque

126 2389 175 2462 ad
194 2390 245 2476 H,
263 2389 316 2460 ita
332 2397 374 2459 ut
391 2387 448 2460 lH
468 2386 517 2459 sit
543 2385 653 2482 tripla
670 2383 742 2459 IG:
770 2385 928 2481 deniqne
948 2409 1014 2481 per
1039 2385 1075 2457 H
1101 2384 1169 2457 du-

125 2514 229 2575 catur
246 2512 349 2573 recta
368 2500 439 2574 ΝΟ
456 2498 660 2587 indefinita,
677 2511 715 2573 et
732 2500 910 2595 parallela
929 2499 1006 2572 DC.

183 2614 347 2687 Ducatur
372 2614 436 2687 BG
453 2612 593 2687 chorda
609 2637 716 2686 arcus
733 2613 809 2703 BG,
827 2624 863 2687 et
880 2612 1105 2711 producatur
1122 2610 1170 2685 ad

135 2727 206 2801 ΝΟ
219 2727 257 2801 in
276 2728 321 2816 Ο,
340 2751 467 2801 secans
481 2727 546 2801 ΟΙ)
563 2727 602 2800 iu
619 2728 658 2801 P.
693 2725 836 2802 Deinde
852 2738 979 2801 centro
997 2727 1039 2814 B,
1057 2726 1172 2800 inter-

134 2840 231 2914 vallo
247 2840 325 2929 ΒΟ,
343 2839 572 2913 describatur
588 2863 695 2913 arcus
712 2839 840 2914 circuli
856 2863 983 2915 secans
1002 2840 1069 2913 BN
1087 2863 1173 2936 pro-

135 2954 283 3028 ductam
297 2953 336 3026 in
354 2953 401 3028 Q.

185 3068 298 3141 Porro
332 3067 439 3139 lateri
475 3066 540 3140 BA
571 3066 794 3163 adjungatur
825 3066 863 3138 in
897 3065 1077 3138 directum
1104 3064 1175 3136 AR

135 3180 284 3272 aequalis
308 3178 430 3274 duplae
447 3178 518 3266 GF,
537 3190 575 3251 et
600 3178 712 3251 ducta
730 3178 810 3265 RD,
829 3201 909 3274 quae
927 3176 1077 3272 aequalis
1103 3175 1175 3246 erit

136 3289 248 3384 duplo
273 3289 379 3362 lateri
401 3289 482 3376 AD,
500 3290 726 3385 producatur
750 3289 799 3362 ad
824 3289 917 3362 latus
937 3289 999 3362 ΒΟ
1015 3287 1176 3384 produc-

136 3414 216 3475 tum
241 3403 280 3475 in
307 3403 354 3485 S;
388 3402 530 3497 eritque
557 3402 616 3475 CS
642 3403 791 3499 aeqnalis
823 3403 991 3498 tangenti
1017 3410 1065 3476 30
1091 3425 1175 3497 gra·

136 3515 273 3600 duum;
299 3514 471 3588 transibit
497 3528 620 3589 autem
650 3517 712 3589 RS
737 3539 802 3612 per
833 3515 883 3602 H,
902 3516 1098 3589 terminum
1121 3538 1177 3587 se-

136 3629 280 3702 miradii
310 3628 397 3702 KH.
449 3628 616 3702 Ducatur
641 3630 708 3704 Qu
734 3629 909 3725 parallelo
933 3629 1022 3712 NH,
1049 3651 1178 3701 secans

137 3742 197 3814 RS
211 3742 248 3814 in
263 3766 298 3813 a.
328 3742 635 3838 Complectarque
648 3741 1029 3837 parallelogrammum
1046 3740 1177 3816 Raab.

137 3855 336 3943 Postremo,
354 3853 471 3928 diviso
490 3879 578 3928 arcu
607 3856 672 3929 BG
697 3855 867 3928 bifariam
886 3855 925 3929 iu
942 3881 975 3946 c,
993 3855 1178 3950 ductoque

137 3968 218 4040 sinu
237 3992 343 4041 arcus
357 3969 424 4053 Bc,
438 3971 616 4065 jungatur
633 3971 704 4044 Rc.
732 3969 923 4043 Hactenus
938 3969 1174 4043 constructio.

186 4081 268 4154 Erit
285 4105 373 4176 ergo
396 4080 495 4154 sinus
513 4106 619 4155 arcus
638 4083 696 4155 Bc
713 4095 817 4156 sexta
832 4107 917 4179 pars
934 4096 1044 4156 recta
1063 4082 1122 4172 ba,
1140 4096 1177 4158 et

136 4194 205 4289 ipsi
231 4195 448 4291 parallelus;
474 4195 629 4292 ideoque
646 4196 706 4270 vel
732 4196 771 4269 in
798 4197 878 4293 ipsa
896 4196 961 4285 ba,
978 4196 1037 4270 vel
1054 4221 1176 4292 supra,

135 4306 194 4379 vel
221 4307 327 4382 infra.
381 4306 554 4383 Sumatur
572 4308 641 4383 Ad
664 4318 768 4383 sexta
793 4332 879 4406 pars
896 4309 977 4402 AD,
1000 4319 1039 4383 et
1065 4308 1177 4384 ducta
