2946 5010
446 399 500 451 nn
521 400 691 453 uacuas
711 401 848 453 unare.
1093 385 1166 453 285

123 574 244 663 potest
267 564 322 638 vis
349 564 412 638 illa
442 591 515 663 qua
543 568 709 641 incussus
739 580 844 652 erat3
871 579 982 663 atque
1010 568 1120 641 etiam
1145 593 1168 640 a

124 693 227 754 tanta
253 681 523 775 compressione
551 681 712 778 aliquem
738 680 893 778 gradum
920 681 1181 756 consistentiae.

123 794 214 882 fieri,
228 817 447 889 quamquam
461 794 700 867 consistentia
714 817 818 889 aquae
829 794 1020 866 minorem.
1056 794 1168 868 Quod

123 907 154 980 si
179 917 274 979 esset
295 905 333 977 in
352 905 481 979 iisdem
503 906 691 1002 particulis
714 906 808 979 aeris
832 906 1014 996 omnibus,
1032 920 1169 1002 praeter

123 1032 265 1092 motum
283 1018 386 1091 illum
404 1043 477 1116 quo
495 1019 611 1093 altera
632 1020 785 1093 alteram
802 1020 949 1117 premit,
968 1034 1088 1094 motus
1106 1021 1167 1094 ille

124 1131 312 1205 circularis
334 1130 499 1227 simplex,
517 1131 620 1227 isque
648 1132 735 1205 satis
753 1133 974 1206 vehemens:
1002 1134 1168 1229 impossi-

124 1243 195 1317 bile
212 1244 289 1317 fere
307 1256 402 1318 esset
417 1269 529 1318 unam
547 1268 673 1317 earum
690 1270 713 1317 a
730 1268 796 1317 suo
814 1246 962 1319 circello
976 1246 1168 1336 dimoveri,

125 1359 213 1455 quin
244 1358 395 1454 reliquis
424 1358 614 1455 particulis
642 1357 905 1449 resistentibus,
934 1371 1034 1432 totus
1061 1359 1169 1433 simul

124 1483 344 1557 moveretur,
379 1470 418 1543 id
446 1482 513 1559 est,
543 1482 661 1544 totum
698 1470 831 1543 durum
866 1483 973 1543 esset.
1025 1471 1168 1545 Durum

125 1584 222 1656 enim
253 1595 308 1656 est
334 1595 453 1656 totum
479 1581 582 1671 illud,
607 1584 710 1678 cujus
735 1582 837 1655 nulla
862 1581 961 1654 cedit
986 1606 1071 1678 pars
1097 1584 1168 1657 nisi

125 1696 278 1787 cedente
296 1708 387 1770 toto,
438 1694 550 1768 Vides
576 1718 665 1791 ergo
693 1718 799 1791 posse
825 1695 905 1767 fieri
932 1695 1105 1768 duritiem
1129 1699 1169 1770 in

125 1809 339 1882 fluidissimo
364 1832 448 1882 aere
470 1831 539 1905 per
565 1821 706 1882 motum
729 1809 826 1881 hunc
848 1809 1063 1883 circularem
1083 1810 1169 1882 sim-

124 1922 257 2018 plicem
287 1921 562 2018 particularum,
581 1921 712 2016 quibus
742 1921 815 1995 duo
842 1934 963 1995 motus
994 1923 1169 1996 contrarii

126 2047 211 2108 ante
230 2034 408 2107 dederant
425 2034 654 2130 vertiginem.
698 2035 832 2108 Vidisti
851 2059 995 2132 quoque
1012 2035 1169 2132 gradum

125 2147 274 2221 duritiei
302 2146 382 2220 dari
412 2147 570 2240 aliquem
597 2170 703 2243 posse
727 2172 750 2220 a
770 2147 848 2220 sola
871 2149 1167 2243 compressione:

125 2260 164 2334 id
187 2260 286 2357 quod
313 2261 554 2333 confirmatur
578 2260 690 2334 etiam
719 2260 758 2333 in
786 2261 1024 2357 generatione
1047 2261 1168 2334 cernis

127 2373 223 2447 iutra
240 2372 424 2445 musculos
437 2373 588 2446 humani
606 2373 782 2469 corporis.
820 2373 917 2446 Nam
936 2373 1068 2460 carnia,
1087 2398 1169 2470 quae

128 2486 166 2558 in
195 2485 370 2559 musculis
396 2486 621 2574 continetur,
646 2486 800 2559 materia
823 2487 910 2560 illuc
934 2487 1088 2560 advecta
1114 2498 1171 2560 est

127 2598 184 2671 vel
201 2623 268 2696 per
285 2598 451 2688 arterias,
465 2599 521 2672 vel
539 2623 605 2695 per
622 2623 764 2673 nervos.
817 2601 902 2673 Non
920 2624 985 2696 per
1003 2600 1169 2690 arterias,

125 2711 164 2784 in
198 2713 329 2809 quibus
363 2711 455 2785 nihil
489 2711 608 2786 fertur
641 2724 776 2810 praeter
809 2715 1047 2810 sanguinem:
1083 2737 1170 2787 caro

126 2836 249 2898 autem
278 2848 351 2897 non
381 2848 427 2896 ex
455 2826 632 2921 sanguine
661 2839 819 2916 constat,
844 2828 906 2923 qui
934 2827 1035 2900 salva
1060 2850 1170 2900 carne

127 2938 199 3011 elui
233 2951 368 3035 potest.
421 2938 546 3012 Quare
582 2939 735 3012 materia
769 2939 888 3012 carnis
924 2939 1089 3014 defertur
1122 2939 1170 3013 ad

126 3051 310 3124 musculos
324 3075 391 3147 per
404 3074 547 3123 nervos.
586 3052 745 3125 Materia
762 3065 882 3125 autem
896 3077 979 3149 quae
996 3053 1170 3126 innervis

127 3165 337 3237 continetur
367 3162 602 3236 tenuissimus
630 3164 779 3260 spiritus
809 3178 888 3238 est:
910 3166 987 3260 -qui
1017 3189 1101 3237 cum
1131 3165 1171 3238 in

127 3277 300 3350 musculis
333 3277 375 3349 fit
406 3300 503 3363 caro,
539 3288 685 3351 constat
715 3301 760 3350 ex
791 3277 992 3351 innumeris
1026 3275 1170 3349 filiculis

127 3390 219 3464 adeo
237 3390 388 3463 minutis
406 3402 445 3462 et
462 3388 644 3478 fissilibus
654 3402 697 3462 ut
710 3391 828 3463 visum
846 3389 996 3463 tandem
1013 3389 1169 3485 fugiant.

128 3503 236 3578 Unde
260 3516 384 3577 autem
408 3502 488 3574 fieri
519 3501 589 3574 hoc
616 3512 749 3597 potest,
768 3502 837 3574 nisi
859 3501 957 3598 quod
982 3502 1170 3597 spirituse

127 3618 291 3707 cerebro,
320 3639 515 3689 nervorum
545 3626 687 3687 meatus
716 3614 846 3711 longos
873 3615 1170 3710 arctissimosque

127 3731 321 3817 transiens,
339 3752 405 3825 per
423 3727 730 3823 compressionem
752 3727 995 3824 inspissetur?
1045 3728 1170 3823 Atque

128 3844 211 3917 talis
230 3843 377 3940 quidem
396 3865 473 3914 csse
491 3852 614 3937 potest
632 3865 743 3914 causa
761 3841 922 3915 efficiens
940 3840 1028 3914 duri
1038 3841 1169 3938 primi.

128 3956 230 4028 Duri
256 3969 378 4028 autem
403 3952 565 4041 secundi,
583 3952 622 4026 id
649 3966 716 4042 est,
735 3953 817 4027 duri
834 3979 857 4027 a
874 3954 1079 4027 cohaesione
1103 3952 1170 4027 du-

127 4092 253 4141 rorum
270 4070 484 4165 primorum,
499 4091 609 4140 causa
626 4079 747 4164 potest
761 4090 840 4140 esse
853 4079 976 4140 motus
993 4067 1053 4140 ille
1072 4065 1170 4140 idem

128 4180 316 4253 circularis
335 4179 488 4274 simplex
505 4180 725 4275 conjunctus
744 4203 828 4252 cum
846 4190 1021 4253 contactu
1037 4202 1171 4252 eorun-

129 4293 213 4370 dem
248 4291 480 4390 superficiali,
515 4293 572 4366 vel
607 4292 720 4368 etiam
753 4292 997 4368 intricatione.
1059 4294 1110 4366 At
1140 4291 1171 4364 si
