2946 5010
307 353 380 419 226
524 367 793 419 examinarro
816 368 866 418 ar
884 369 1133 420 annonario

117 557 268 600 annonas
359 537 409 611 B.
435 536 617 610 Absorda.
671 537 743 610 Sed
773 537 942 610 ultimum
970 538 1053 626 hoc,
1084 538 1129 609 de
1160 537 1352 632 duplicata

120 639 263 747 J-

306 651 461 739 ratione,
480 675 524 723 ex
552 673 595 722 eo
620 662 748 723 natum
772 673 849 722 esse
879 649 1035 739 videtur,
1052 650 1150 745 qnod
1177 650 1352 723 Euclides

304 764 421 837 utitur
431 787 520 837 voce
531 775 690 834 διπλασίονι
704 785 848 858 semper
860 787 928 858 pro
943 761 1148 860 duplicato,
1160 787 1351 859 nunquam

305 901 373 974 pro
392 877 487 974 dupl
514 935 522 951 .

356 990 405 1063 A.
434 989 534 1064 Quid
551 989 702 1063 autem?
755 990 813 1061 An
827 1000 1054 1085 geometram
1079 989 1186 1062 decet
1204 989 1350 1063 theore-

305 1115 445 1176 matum
472 1103 665 1175 veritatem
696 1125 740 1173 ex
768 1124 837 1173 usu
861 1103 1067 1192 verborum,
1087 1127 1134 1175 an
1165 1126 1210 1174 ex
1239 1104 1349 1176 rebus

304 1216 392 1313 ipsis
410 1226 509 1289 recte
528 1215 728 1310 conceptis
747 1214 952 1288 aestimare?
1006 1216 1080 1288 Sed
1103 1215 1202 1311 quod
1224 1215 1348 1288 Eucli-

305 1328 390 1402 dem
423 1329 476 1402 ais
510 1352 699 1424 nunquam
732 1329 789 1402 uti
820 1352 908 1402 voce
935 1341 1091 1400 διπλασίονι
1121 1354 1189 1425 pro
1221 1329 1348 1424 duplo,

304 1465 432 1515 rerum
449 1466 525 1515 non
548 1452 613 1514 est.
666 1441 764 1538 Lege
794 1442 910 1515 Elem.
926 1442 975 1514 iii.
990 1467 1096 1538 prop.
1115 1452 1175 1532 20,
1194 1467 1276 1539 quae
1294 1444 1349 1516 sic

305 1579 345 1628 se
357 1555 491 1629 habet}
509 1571 539 1626 ὲν
553 1568 671 1647 κύκλφὴ
693 1567 760 1642 πρὸς
774 1572 812 1646 τῷ
833 1570 930 1647 κέντρῳ
952 1574 1042 1642 γωνία
1056 1567 1209 1628 διπλασίων
1232 1570 1273 1627 ἐςὶ
1298 1575 1349 1640 τῆς

304 1685 371 1758 πρὸς
386 1685 420 1762 τῇ
433 1688 599 1760 περιφερείᾳ,
613 1681 684 1742 etc.

356 1781 405 1854 B.
432 1782 512 1854 Tua
541 1782 615 1870 illa,
643 1805 851 1877 quanquam
879 1779 1079 1876 paradoxa,
1103 1804 1192 1854 vera
1222 1794 1348 1855 tamen

304 1907 402 1979 sunt,
420 1906 463 1966 ut
479 1894 570 1966 mihi
585 1892 771 1982 videntur,
789 1904 827 1966 et
838 1891 964 1967 futura
977 1893 1174 1989 aliqnando
1188 1894 1347 1968 cadara.

304 2007 452 2081 Interea
467 2018 522 2096 tu,
541 2008 604 2101 qui
622 2006 788 2080 defendis
807 2030 953 2079 omnem
972 2006 1179 2079 doctrinam
1204 2008 1348 2079 Hobbi-

304 2145 426 2208 anam‚
437 2121 525 2216 quid
543 2120 710 2194 dicturus
723 2144 761 2193 es
779 2121 828 2193 ad
845 2144 889 2192 ea
906 2143 987 2216 quae
1005 2122 1117 2194 habet
1134 2122 1172 2193 in
1191 2120 1349 2215 Physica

304 2246 418 2307 suaet
430 2234 603 2307 Politica?
638 2235 685 2306 Et
699 2234 830 2329 primo,
841 2234 879 2305 in
891 2233 1055 2328 physica,
1070 2233 1348 2330 quodomnium

302 2371 427 2420 rerum
444 2347 668 2420 naturalium
681 2370 809 2419 causas
829 2345 918 2419 dicit
935 2369 1014 2418 esse
1023 2359 1176 2436 motum,
1190 2370 1346 2442 eumque

306 2461 398 2534 moti
416 2472 454 2532 et
471 2461 638 2555 contigui
656 2457 845 2555 corporis?

353 2571 400 2645 A.
428 2573 512 2645 Sive
531 2597 657 2645 verum
675 2573 746 2644 hoo
770 2572 818 2644 sit
836 2570 910 2642 sire
940 2570 1085 2655 falsum,
1116 2571 1346 2665 paradoxum

304 2697 403 2759 certe
428 2709 504 2758 non
533 2700 600 2759 est.
653 2686 749 2758 Nam
779 2684 1010 2772 Aristoteles
1042 2708 1150 2778 quem
1182 2685 1346 2779 sequitur

303 2799 439 2887 schola,
457 2800 555 2871 idem
586 2800 689 2886 dicit,
717 2800 747 2870 si
769 2823 844 2870 non
873 2810 911 2868 et
941 2798 1109 2892 amplius
1129 2822 1213 2869 cum
1247 2798 1346 2868 dieat

302 2922 476 2984 naturum
505 2912 597 2984 nihil
627 2911 727 2984 aliud
758 2934 836 2982 esse
862 2921 996 3005 praeter
1023 2919 1153 2982 motum
1166 2938 1179 2992 ;
1205 2923 1345 2982 motum

302 3038 425 3098 autern
456 3027 645 3121 proprium
674 3049 753 3097 esse
780 3025 956 3119 corporis.
1021 3025 1131 3097 Quod
1159 3025 1345 3097 internum

302 3164 380 3212 esse
400 3140 510 3226 dicat,
525 3163 599 3211 non
617 3149 728 3233 negat
756 3138 844 3232 quin
873 3161 1021 3210 causam
1051 3139 1186 3210 habeat
1215 3140 1253 3209 in
1285 3161 1346 3207 ex-

302 3267 418 3325 terno.
483 3254 579 3324 Nam
611 3253 770 3323 affirmat
804 3251 903 3338 alibi,
934 3251 1029 3322 nihil
1050 3276 1168 3348 porse
1202 3274 1345 3322 provere

302 3367 476 3463 seipsum.
530 3367 587 3437 Ab
605 3366 676 3437 hoo
694 3365 876 3460 principio
900 3389 1014 3454 orsus,
1035 3390 1162 3437 causas
1192 3365 1347 3459 qualita-

302 3492 381 3550 tum
407 3478 633 3550 sensibilium
661 3491 699 3550 et
722 3480 992 3572 phaenomenon
1022 3478 1245 3550 naturalium
1268 3478 1345 3548 fere

302 3591 466 3663 omnium
480 3592 568 3663 satis
585 3590 792 3686 probabiles
811 3590 960 3661 deducit
979 3591 1173 3672 Hobbius;
1192 3591 1229 3661 id
1245 3590 1346 3684 quod

301 3703 366 3790 illi,
391 3705 522 3800 quibus
539 3705 761 3799 principium
791 3705 861 3775 lroc
890 3704 1036 3775 videtur
1063 3704 1205 3792 falsum,
1224 3704 1345 3774 facere

302 3841 491 3913 nunquam
509 3829 695 3913 poterunt.

355 3930 402 4002 B.
431 3931 631 4002 Maximam
644 3939 786 4025 partem
805 3929 1001 4000 effectuum
1029 3928 1252 4000 naturalium
1283 3927 1347 3999 de·

303 4042 405 4116 ducit
423 4044 485 4116 ille
500 4069 522 4116 a
539 4057 644 4115 motu
659 4043 830 4138 quodam,
850 4067 960 4136 quem
986 4054 1095 4114 vocat
1119 4041 1344 4112 circularem

303 4154 508 4252 simplicem
519 4185 534 4239 ;
561 4180 669 4251 quem
687 4166 846 4250 motum,
865 4179 994 4227 vereor
1018 4178 1065 4226 ne
1096 4154 1264 4242 lectores
1280 4177 1344 4225 ex-

303 4270 418 4363 ceptis
435 4270 573 4366 paucis,
590 4294 665 4342 non
683 4269 771 4341 satis
790 4268 1010 4363 concipiant.
1064 4267 1160 4339 Nam
1178 4268 1246 4340 etsi
1260 4266 1345 4339 talis
