2946 5010
482 418 819 472 enumeraturum.
1098 412 1170 475 455

181 580 224 654 Iu
260 582 332 655 CM
368 593 534 657 sumatur
568 584 646 673 CN,
681 585 832 680 aequalis
866 585 1061 660 semiradio
1094 586 1168 660 BG.

127 695 359 772 Producatur
381 697 450 771 AD
477 697 526 771 ad
549 731 582 795 γ,
607 697 661 771 ita
685 710 727 772 ut
753 699 813 795 Αγ
829 698 877 771 sit
900 699 1049 794 aequalis
1077 698 1171 772 BN:

125 810 377 905 jungaturque
401 810 474 907 Ny,
497 833 608 906 quam
635 823 735 884 secet
765 811 826 883 EF
849 811 1030 908 producta
1058 811 1096 884 in
1121 812 1169 886 P:

125 922 374 1019 jungaturque
395 923 465 1011 BP,
484 946 612 995 secans
629 923 698 995 GH
715 924 753 996 in
770 922 816 995 V.

177 1036 244 1109 Est
261 1059 350 1131 ergo
371 1036 452 1131 (per
469 1060 575 1132 prop.
593 1043 653 1119 47.
671 1036 787 1109 Elem.
797 1035 826 1126 i)
844 1034 1064 1131 quadratum
1076 1063 1099 1111 a
1110 1039 1172 1113 BP

128 1144 323 1243 decuplum
342 1147 511 1245 quadrati
529 1149 575 1221 ab
594 1147 670 1221 NP.
721 1148 789 1221 Est
809 1160 934 1220 autem
952 1149 1172 1245 quadratum

127 1282 151 1332 a
166 1260 268 1333 radio
286 1261 353 1333 AB
367 1261 614 1357 quadruplum
631 1260 802 1356 quadrati
819 1260 865 1334 ab
884 1261 973 1336 NP:
1000 1275 1038 1336 et
1060 1287 1172 1361 prop·

127 1384 241 1460 terea,
260 1372 480 1469 quadratum
497 1397 521 1445 a
538 1373 599 1448 BP
612 1383 668 1446 est
686 1373 735 1446 ad
751 1373 973 1470 quadratum
990 1377 1037 1449 ab
1051 1376 1117 1451 AB
1128 1390 1172 1450 ut

127 1494 175 1561 .10
193 1486 241 1559 ad
258 1496 294 1560 4.
339 1486 573 1560 Probandum
590 1509 680 1583 ergo
697 1498 890 1562 estractus
908 1488 979 1578 BP,
999 1488 1074 1562 ΒΜ
1093 1513 1171 1563 esse

127 1600 297 1695 aequales.

127 1771 130 1779 .
176 1711 344 1785 Ducatur
359 1711 438 1785 ΜΟ
451 1711 624 1807 parallela
642 1712 718 1800 NP,
733 1736 861 1787 secans
879 1715 940 1788 BP
952 1714 1170 1810 productam

125 1826 165 1898 in
189 1825 236 1914 Q,
255 1837 292 1899 et
317 1827 378 1899 BP
402 1827 622 1920 productam
645 1825 684 1898 in
713 1825 758 1898 B.
810 1828 890 1900 Erit
917 1851 1005 1922 ergo
1023 1827 1170 1902 NMBP

127 1940 395 2036 rectangulum.
446 1939 613 2013 Ducatur
641 1963 663 2011 a
691 1953 831 2036 puncto
858 1940 971 2013 Mad
999 1940 1060 2012 BP
1086 1965 1169 2037 per-

126 2053 371 2148 pendicularis
384 2054 458 2126 ΜΟ
471 2084 480 2136 ;
498 2077 582 2149 quae
596 2053 776 2148 producta
789 2052 928 2125 incidat
942 2052 979 2123 in
997 2054 1057 2125 ΕΡ
1068 2053 1116 2127 ad
1130 2054 1168 2127 S.

129 2229 131 2235 ,
178 2166 272 2239 Sunt
295 2190 383 2260 ergo
411 2167 596 2262 triangula
613 2166 722 2253 BNP,
742 2165 849 2240 BOM
876 2165 1019 2239 similia.
1073 2167 1170 2241 Nam

126 2279 252 2374 anguli
268 2279 317 2351 ad
334 2280 369 2351 N
388 2292 425 2352 et
442 2279 474 2353 0
489 2288 575 2352 sunt
593 2278 685 2351 recti
702 2279 873 2374 aequales,
892 2291 932 2351 et
949 2280 1105 2374 angulus
1122 2283 1170 2356 ad

127 2393 158 2465 B
186 2392 400 2465 communis.
456 2392 580 2467 Quare
610 2391 722 2465 etiam
755 2392 882 2488 anguli
917 2393 1038 2482 ΒΜΟ,
1070 2395 1168 2468 ΒΡΝ

126 2516 212 2578 sunt
230 2506 398 2601 aequales

176 2619 214 2692 Si
228 2619 307 2714 jam
323 2631 436 2691 rectae
453 2618 535 2706 MS,
549 2618 629 2692 Mu
648 2630 733 2691 sunt
751 2618 919 2714 aequales,
934 2619 1167 2691 manifestum

124 2744 180 2806 est
208 2732 366 2829 aequales
397 2755 543 2827 quoque
571 2755 651 2805 esse
678 2732 775 2804 inter
805 2743 951 2805 sctum
981 2732 1054 2820 RS,
1084 2732 1168 2818 OQ,

119 2856 202 2919 tum
219 2846 330 2920 etiam
349 2845 437 2931 ΜΟ,
465 2844 554 2930 MR,
580 2857 618 2918 et
635 2859 816 2941 praeterea
833 2845 910 2934 ΒΟ,
929 2845 1020 2919 BN:
1047 2858 1085 2919 et
1101 2869 1168 2940 per

123 2981 363 3056 consequens,
382 2956 600 3054 quadratum
619 2981 641 3029 a
658 2956 732 3029 ΒΜ
756 2956 804 3029 ad
830 2957 1087 3052 quadratuma
1104 2957 1167 3031 Bc

123 3086 164 3144 ut
188 3080 231 3145 10
249 3071 297 3144 ad
313 3080 351 3144 4.
403 3070 513 3145 Quod
531 3081 587 3142 est
603 3069 844 3166 propositum.

174 3185 349 3257 Sumatur
366 3184 404 3256 in
424 3184 497 3257 ΒΜ
518 3207 602 3279 pars
625 3183 738 3278 ipsius
765 3181 876 3254 tertia
905 3181 967 3269 Ba,
986 3181 1086 3278 quod
1101 3184 1167 3257 fiet

124 3296 302 3370 sumendo
316 3298 372 3370 Ga
390 3298 538 3370 tertiam
556 3308 697 3392 partem
714 3307 826 3369 rectae
844 3295 922 3368 GL.
968 3295 1086 3368 Badio
1104 3320 1165 3369 au-

124 3421 200 3482 tem
218 3411 272 3483 Ba
291 3409 521 3483 describatur
535 3433 641 3483 arcus
657 3410 784 3482 circuli
802 3433 929 3482 secans
946 3421 1084 3482 rectam
1100 3410 1165 3482 GV

124 3522 269 3613 alicubi,
288 3522 489 3617 etquidem
512 3524 636 3615 (sensu
650 3522 791 3618 judice)
812 3521 850 3594 in
869 3521 948 3617 ipso
965 3534 1105 3617 puncto
1119 3523 1164 3596 V.

174 3634 315 3707 Rursus
350 3634 561 3731 duplicato*
593 3634 657 3723 Ba,
687 3646 731 3706 ut
757 3634 824 3706 fiat
853 3633 906 3724 Ββ
933 3633 1015 3706 duae
1045 3635 1165 3708 tertiae

123 3759 235 3822 rectae
263 3748 360 3821 BM:
387 3760 424 3822 et
446 3748 551 3822 radio
577 3747 631 3827 Bu
649 3747 878 3821 describatur
901 3771 1008 3821 arcus
1037 3747 1165 3821 circuli

123 3884 251 3935 secans
269 3861 336 3933 CD
354 3861 392 3934 in
411 3889 452 3959 y:
479 3861 612 3934 iterum
631 3862 759 3953 (sensu
783 3859 925 3955 judice)
945 3872 1122 3957 punctum
1142 3894 1165 3958 γ

122 3975 193 4047 erit
210 3975 247 4048 in
266 3975 524 4047 intersectione
550 3986 736 4046 rectarum
755 3973 826 4061 BP,
845 3972 922 4046 CD.
975 3974 1164 4046 Postremo

121 4088 225 4163 radio
251 4098 332 4160 toto
357 4086 431 4160 ΒΜ
460 4086 664 4182 descriptus
691 4109 797 4158 arcus
822 4085 961 4174 circuli,
992 4086 1164 4158 transibit

504 4326 519 4356 ⁴
542 4323 590 4384 Sic
604 4326 673 4384 edit.
692 4325 776 4381 1668.

1197 617 1265 658 OAP.
1278 616 1369 657 xxm.

1210 684 1355 719 »qa-a

1184 743 1218 788 uo
1226 743 1350 802 quantitate

1183 813 1248 853 recta
1259 806 1384 866 compositu

1182 887 1211 917 cx
1224 873 1287 918 radio
1301 870 1385 924 cuculi,
