2946 5010
492 419 827 474 GEOMETRARUM.

578 738 683 812 CAP.
709 737 741 811 Ι.

529 912 584 964 DE
613 909 792 964 PUNCTO.

140 1040 366 1113 Dnu1u1r1o
386 1037 549 1113 Euclidis
565 1039 685 1136 prima
700 1037 835 1137 puncti
852 1047 920 1128 est,
937 1036 1038 1111 haec:
1058 1060 1178 1135 punc·

140 1163 215 1225 lum
236 1151 382 1245 (σημεῖον)
403 1161 460 1225 ert
475 1153 580 1249 cujus
590 1175 691 1252 pars
705 1146 809 1225 ordio
825 1159 894 1223 eat.

191 1265 291 1340 Quid
308 1264 521 1339 definitione
539 1265 608 1340 hac
625 1263 807 1340 intellexit
828 1261 1013 1351 Euclides,
1031 1260 1179 1335 difficile

141 1390 197 1452 est
214 1379 317 1451 scire.
369 1377 525 1474 Signum
542 1379 653 1467 enim,
671 1388 852 1474 quatenus
869 1375 1026 1472 signum,
1044 1398 1179 1448 nomen

142 1492 274 1589 quanti
290 1515 364 1564 non
382 1503 450 1580 est,
468 1490 532 1565 scd
549 1491 759 1565 relationis:
777 1513 986 1586 quanquam
1003 1487 1180 1585 quicquid

141 1605 188 1678 sit
206 1604 306 1702 quod
322 1603 361 1676 in
379 1603 525 1700 signum
541 1605 695 1700 alicujus
712 1604 767 1678 rei
789 1613 928 1676 statuas
944 1600 1096 1691 visibile,
1113 1626 1179 1676 ne·

142 1719 299 1791 cessario
323 1741 455 1814 corpus
481 1719 541 1805 sit,
564 1730 603 1792 et
631 1717 785 1815 proinde
812 1725 981 1812 quonlam
1006 1715 1117 1789 etiam
1141 1730 1180 1788 et

143 1830 321 1903 divisibile
356 1841 424 1919 cst,
456 1841 495 1904 ct
528 1844 672 1927 partem
704 1830 840 1903 habere
872 1839 1007 1926 potest.
1058 1828 1180 1902 Etiam

141 1943 254 2015 verba
270 1941 342 2031 illa,
361 1943 466 2037 cajus
478 1967 577 2040 pora
594 1953 652 2016 eat
668 1941 785 2033 nullo,
809 1941 1002 2036 dupliciter
1024 1941 1181 2036 intelligi

141 2066 315 2151 possunt:
342 2069 405 2128 aut
422 2079 489 2151 pro
507 2056 690 2139 indiviso:
706 2080 791 2152 pars
806 2055 902 2127 euim
917 2078 991 2128 non
1008 2054 1181 2150 intelligi-

142 2179 216 2256 tur,
228 2169 297 2241 nisi
314 2168 377 2240 ubi
390 2169 619 2263 praeccsscrit
630 2168 758 2241 divisio
774 2196 783 2239 :
801 2167 859 2240 vel
872 2191 938 2262 pro
950 2165 1181 2256 indivisibili,

144 2281 244 2377 quod
257 2304 323 2377 per
340 2292 511 2353 naturam
527 2305 632 2354 suam
650 2280 837 2354 divisionis
854 2291 909 2354 est
925 2280 1092 2377 incapax.
1135 2280 1181 2352 In

142 2395 256 2491 priori
296 2417 417 2483 sensu,
451 2408 632 2491 punctum
666 2395 853 2492 quantitas
886 2404 987 2467 recte
1024 2392 1180 2466 dicitur:

143 2511 182 2584 in
209 2513 425 2609 posteriore,
443 2536 519 2585 non
543 2513 654 2596 item:
680 2536 766 2585 cum
788 2509 906 2584 omnis
923 2509 1109 2607 quantitas
1125 2508 1182 2582 di-

143 2625 295 2699 visibilis
308 2625 357 2697 sit
371 2624 410 2696 in
423 2648 567 2721 semper
581 2625 787 2698 divisibilia.
821 2625 950 2720 Itaque
961 2623 992 2697 si
1005 2636 1183 2719 punctum

144 2740 192 2812 sit
219 2738 452 2828 indivisibile,
480 2739 621 2812 carebit
649 2740 747 2812 linea
774 2739 873 2812 omni
907 2738 1119 2811 latitudine:
1145 2747 1184 2810 et

145 2853 231 2948 quia
243 2851 335 2925 nihil
353 2863 409 2923 est
426 2850 577 2946 longum
588 2850 687 2948 quod
698 2876 772 2925 non
789 2852 922 2925 habeat
939 2850 1183 2937 latitudinem,

144 2966 215 3037 erit
232 2965 329 3037 linea
346 2963 454 3059 plane
471 2962 575 3037 nibil.
629 2964 850 3062 Quanquam
874 2965 971 3038 enim
991 2962 1183 3060 longitudo

144 3077 220 3150 lata
235 3101 312 3150 non
329 3076 388 3164 sit,
406 3076 560 3172 longum
577 3088 701 3149 tamen
719 3102 826 3150 omne
843 3077 959 3151 latum
972 3089 1039 3150 cst.
1072 3076 1184 3150 Vide-

145 3203 207 3261 tur
230 3190 342 3261 etiam
366 3187 557 3260 Euclidem
582 3189 703 3284 ipsum
727 3190 766 3262 in
792 3214 836 3263 ea
863 3190 1034 3286 opinione
1060 3188 1184 3277 fuisse,

145 3316 336 3397 punctum,
355 3323 563 3395 quanquam
585 3312 728 3395 partem
752 3315 839 3374 actu
862 3326 936 3374 non
957 3301 1102 3388 habeat,
1119 3324 1186 3396 po-

145 3413 262 3486 tentia
281 3426 404 3484 tamen
422 3411 602 3484 divisibile
620 3436 699 3485 esse
717 3423 755 3487 ct
768 3414 1029 3510 quantitatem:
1048 3413 1186 3510 alioqui

147 3550 221 3598 uon
248 3525 509 3621 postulasseta
530 3535 669 3620 puncto
693 3526 741 3599 ad
768 3537 945 3622 punctum
969 3526 1054 3600 duci
1079 3550 1187 3623 posse

147 3638 283 3710 lincam
315 3649 477 3710 rectam:
514 3636 612 3732 quod
639 3637 863 3733 impossibile
895 3650 962 3728 est,
991 3638 1062 3712 uisi
1091 3639 1188 3713 linea

149 3751 283 3823 habeat
308 3749 542 3823 latitudinem
559 3750 731 3847 aliquam.
780 3750 918 3824 Verum
936 3753 1010 3825 sive
1036 3751 1089 3826 ita
1105 3776 1188 3826 sen-

149 3865 238 3936 serit
254 3863 437 3951 Euclides,
455 3863 531 3936 sive
548 3863 666 3953 aliter,
685 3864 919 3938 manifestum
937 3878 993 3938 est
1010 3877 1189 3961 punctum

152 3977 330 4051 divisibile
349 4000 439 4065 csse,
457 4000 502 4049 cx
521 4000 564 4050 eo
583 3977 694 4074 quod,
713 3990 814 4051 secta
829 3978 926 4052 linea
942 3979 981 4051 in
999 3977 1089 4053 duas
1105 4004 1191 4076 par·

146 4103 219 4181 tes,
237 4090 385 4164 habebit
402 4102 559 4186 utraque
575 4114 661 4187 pars
674 4091 765 4165 duos
782 4092 970 4182 terminos,
985 4093 1024 4165 id
1037 4104 1104 4180 est,
1116 4092 1190 4168 duo

151 4218 291 4302 puncta
307 4216 493 4277 extrema:
520 4216 558 4277 et
574 4227 640 4301 per
658 4229 885 4302 consequens
907 4218 1085 4302 punctum
1102 4206 1193 4280 divi·

154 4319 245 4393 dens
266 4329 422 4409 secatur,
440 4317 470 4391 si
487 4317 673 4415 quantitas
695 4319 756 4407 sit,
772 4318 811 4393 in
835 4317 926 4394 duas
944 4320 1192 4416 quantitates:

1238 1069 1343 1111 caat

1217 1137 1360 1174 s-w-⁴

1220 1207 1353 1267 Dapunclo.
