2946 5010
310 404 379 471 102
523 415 793 468 EXAMINATIO
814 413 865 464 ET
884 413 1134 467 nmuuucrto

118 610 269 650 merosus
306 583 445 657 tionem
463 583 772 677 rectangulorum,
789 581 841 671 (et
858 582 1138 678 triangulorum,
1157 607 1239 680 quae
1259 596 1353 659 sunt⁴

121 691 263 794 ᾧ
305 698 468 792 ipsorum
499 697 673 790 dimidia),
703 697 743 768 in
773 695 997 790 geometrie;
1024 706 1062 769 et
1089 707 1194 771 extra
1223 709 1347 795 potes-

304 820 399 883 tates
429 834 664 884 numerorum
695 809 735 882 in
761 808 1021 894 arithmetica;
1059 810 1218 907 algebrae
1245 811 1348 884 locus

304 923 427 996 nullus
444 935 511 1014 est,
531 946 649 1021 neque
666 924 705 996 in
728 922 799 997 illis
821 924 980 1021 analysis
1008 925 1124 1021 magis
1150 938 1209 998 est
1236 949 1348 1021 quam

305 1036 500 1134 synthesis,

358 1149 406 1222 B.
432 1149 650 1245 Exemplum
672 1149 824 1222 ostende
847 1148 1006 1245 aigebrae
1029 1174 1094 1246 per
1121 1159 1346 1247 potestates3

306 1261 360 1334 ita
387 1260 553 1335 dividens
580 1269 616 1351 8,
647 1272 690 1334 ut
714 1260 935 1357 quadratum
957 1263 1064 1335 unius
1089 1263 1202 1359 partis
1227 1263 1277 1336 sit
1299 1262 1348 1336 ad

307 1375 561 1470 rectaugulum
578 1374 646 1447 sub
664 1385 743 1446 tota
760 1386 798 1447 et
815 1373 956 1470 reliqua
971 1384 1088 1471 parte,
1106 1386 1149 1448 ut
1165 1385 1188 1449 2
1207 1375 1255 1448 ad
1279 1385 1309 1448 Ι.

357 1488 406 1560 A.
434 1487 551 1560 Radix
570 1487 750 1582 quadrata
763 1487 907 1582 quaesiti
924 1486 970 1559 sit
984 1488 1030 1561 A.
1065 1487 1240 1584 Reliquus
1257 1511 1347 1585 ergo

306 1625 479 1674 numerus
498 1613 555 1674 est
572 1602 668 1674 e-A:
697 1599 916 1697 quadratum
929 1601 1060 1696 ipsum,
1079 1601 1176 1673 AA:
1203 1612 1349 1674 rectan-

305 1716 433 1811 gulum
446 1715 652 1811 quaesitum,
664 1722 687 1788 8
701 1742 722 1785 ><
737 1713 858 1808 (e-A).
884 1714 948 1786 Vis
959 1737 1047 1810 ergo
1058 1716 1148 1788 AA:
1162 1721 1185 1787 8
1197 1741 1220 1786 x
1236 1715 1344 1808 (o-A)

309 1856 341 1902 z:
360 1839 382 1903 2
403 1856 412 1901 t
431 1836 447 1902 l
468 1852 547 1902 esse
564 1829 869 1925 proportionales.

359 1941 409 2015 B.
435 1942 540 2015 Volo.

359 2055 408 2128 A.
436 2056 531 2129 Sunt
549 2079 637 2152 ergo
652 2056 758 2128 AA=
773 2063 816 2128 16
837 2081 859 2124 x
875 2055 1000 2147 (e-A);
1027 2067 1065 2127 et
1082 2053 1218 2128 additis
1231 2053 1348 2127 utrin-

309 2193 379 2267 que
400 2176 442 2241 16
462 2170 506 2253 A,
535 2179 644 2242 erunt
662 2169 899 2241 AA÷16A=
919 2174 1169 2241 16><8=128.
1223 2167 1348 2243 Quare

312 2290 356 2357 16
374 2311 392 2348 ÷
411 2283 455 2371 A,
475 2293 505 2358 d
525 2289 605 2369 128,
640 2282 685 2364 Α,
715 2292 801 2354 sunt
831 2280 1005 2353 continue
1039 2279 1346 2376 proportionales.

308 2397 426 2469 Datur
453 2419 541 2490 ergo
566 2396 622 2478 A;
651 2407 689 2466 et
718 2393 872 2490 proinde
900 2394 1009 2468 etiarn
1027 2395 1113 2478 ΑΑ,
1140 2407 1178 2466 et
1205 2404 1348 2466 rectan-

307 2509 435 2604 gulum
453 2507 637 2602 sua-A).

361 2620 409 2693 B.
438 2620 509 2693 Sed
528 2619 656 2692 datum
674 2644 751 2693 esse
769 2622 814 2709 A,
831 2621 994 2693 nondum
1013 2620 1102 2692 satis
1119 2620 1315 2716 perspicio.

360 2732 409 2804 Α.
436 2735 555 2807 Datur
584 2734 705 2806 media
734 2734 1018 2831 proportionalis
1052 2734 1147 2806 inter
1183 2746 1349 2807 extrema

314 2847 425 2918 16÷A
443 2858 480 2919 et
497 2847 543 2935 A,
560 2870 704 2943 nempe,
728 2854 757 2916 d
775 2856 854 2921 128.
919 2848 1044 2923 Quare
1071 2847 1255 2943 descripto
1280 2848 1347 2920 cir·

309 2960 404 3049 culo,
423 2961 526 3055 cujus
544 2959 722 3033 diameter
739 2972 795 3034 est
817 2968 871 3049 16,
899 2984 921 3031 a
947 2961 1075 3055 quovis
1103 2974 1241 3056 puncto
1270 2962 1348 3056 ejus

310 3072 466 3145 ducatur
498 3084 654 3168 tangens
688 3073 838 3169 aequalis
867 3080 1005 3156 ula&
1037 3074 1083 3146 ab
1114 3074 1348 3147 extremitate

309 3188 387 3281 ejus
405 3185 560 3259 dueatur
580 3210 647 3282 per
670 3199 837 3259 centrum
864 3200 966 3258 recta
991 3186 1038 3258 ad
1065 3186 1256 3259 adversam
1281 3187 1347 3260 cir·

309 3300 598 3386 cumferentiam,
630 3299 771 3395 eritque
800 3322 885 3394 pars
916 3301 994 3394 ejus
1021 3300 1225 3395 intercepta
1252 3298 1349 3373 inter

308 3426 523 3508 tangentem
541 3425 578 3485 et
595 3412 926 3486 circumferentiam
944 3413 1094 3508 aequalis
1112 3414 1274 3507 quaesitae
1292 3414 1347 3496 A;

309 3538 350 3600 ut
367 3527 599 3600 manifestum
617 3537 672 3598 est
689 3549 754 3622 per
771 3526 874 3599 Eucl.
893 3527 1008 3599 Elem.
1027 3526 1077 3598 iii.
1096 3550 1201 3622 prop.
1217 3534 1279 3601 36.

358 3638 404 3713 Β.
432 3641 486 3712 Ac
496 3639 605 3711 Victa
622 3640 658 3710 in
677 3638 886 3734 hujusmodi
904 3639 1106 3712 rationibus
1120 3640 1347 3735 exponendis

308 3753 380 3825 alia
414 3753 531 3825 utitur
565 3753 789 3848 operatione.
852 3753 947 3825 Nam
978 3777 1023 3826 ex
1054 3753 1175 3825 medio
1207 3766 1348 3849 puncto

310 3865 524 3938 differentiae
542 3865 699 3960 cognitae
713 3864 887 3938 describit
901 3865 1088 3953 circulum,
1103 3868 1209 3962 cujus
1223 3866 1346 3939 radius

308 3990 428 4072 potest
441 3978 601 4051 radicem
616 3979 759 4050 numeri
775 3986 856 4066 128,
869 3990 907 4050 et
920 3978 1106 4051 semissem
1118 3978 1346 4056 differentiae.

356 4088 403 4162 A.
430 4090 569 4162 Eodem
588 4091 720 4163 recidit
736 4102 891 4186 utraque
910 4091 1085 4185 operatio.

358 4204 406 4276 B.
434 4205 575 4300 Objicio
602 4206 713 4277 etiam
738 4204 902 4277 nondum
929 4206 1116 4276 inventam
1139 4229 1218 4278 esse
1249 4206 1345 4280 illam

308 4316 479 4388 radicem.
499 4319 651 4391 Numeri
662 4318 761 4392 enim
777 4326 845 4391 128
859 4318 962 4391 radix
975 4317 1268 4413 quadratanulla
1281 4332 1345 4394 est.
