2946 5010
360 464 674 518 uarnnuamca
694 461 937 516 somarium.
1114 451 1172 516 25*

121 641 245 707 matao
267 631 306 704 ia
333 630 430 705 Maia
451 631 606 730 punctis
629 629 1057 704 secura—Astronomia
1073 627 1166 703 illud
1201 648 1350 694 armosos

121 769 199 820 non
225 744 357 828 docet;
383 767 504 841 neque
534 766 626 841 opus
659 743 849 839 proprium
875 743 1077 816 astronomi
1110 753 1166 816 est
1206 732 1349 834 „L

122 858 214 932 illud
232 858 497 946 demonstrare,
516 856 580 929 sed
593 867 803 952 geometrae.
855 856 1036 931 Observat
1051 866 1167 930 astro·

122 996 258 1047 numus
286 971 379 1045 dnos
408 970 495 1044 solis
525 984 660 1059 motus,
678 969 850 1043 diurnum
875 982 914 1042 et
935 993 1110 1060 annuum,
1128 969 1168 1042 in

126 1087 270 1160 duobus
288 1085 367 1157 fieri
384 1085 530 1158 circulis
543 1083 731 1169 maximis3
750 1083 894 1174 deinde,
908 1095 951 1156 ut
967 1095 1168 1181 geometra,

126 1199 326 1295 investigat
354 1221 463 1294 quem
489 1197 631 1271 faciunt
655 1197 840 1293 angulum.
893 1198 1023 1294 Itaque
1046 1197 1171 1270 omnia

126 1314 205 1386 iere
218 1311 448 1385 theoremata
464 1322 761 1383 astronomorum
778 1309 1028 1384 demonstrata
1044 1321 1131 1383 sunt
1148 1333 1171 1383 a

126 1425 346 1512 Theodosio,
363 1423 547 1513 Menelao,
566 1422 718 1519 aliisque
738 1423 946 1519 geometris,
965 1425 1028 1520 qui
1055 1424 1170 1519 scrip-

128 1551 256 1614 serant
273 1538 320 1611 de
338 1537 628 1634 Sphaera.-Est
644 1538 738 1611 emim
762 1537 1014 1611 arithmeticae
1027 1537 1171 1634 sabjec-

129 1661 204 1725 tam
224 1649 364 1751 parias
390 1649 565 1747 quiddam
592 1659 629 1722 et
652 1649 776 1748 magia
799 1649 1041 1740 abstractam,
1063 1675 1171 1748 qaam

128 1764 328 1862 subjectam
335 1763 741 1863 geometrioe.—Neque
751 1787 878 1836 verum
890 1776 946 1837 est
955 1765 1039 1855 hoc,
1051 1787 1171 1860 neque

129 1878 324 1967 rationem,
341 1888 493 1974 propter
516 1899 769 1972 quamverum
791 1877 850 1966 sit,
869 1878 980 1951 antis
998 1888 1062 1950 ant
1079 1878 1171 1950 alius

131 1992 324 2088 qnisquam
350 2014 512 2085 unquam
536 1990 672 2063 attulit.
723 1989 865 2062 Deinde
888 1990 1171 2086 longimetriam‚

130 2103 413 2200 planimetriam,
432 2114 469 2176 et
489 2102 777 2176 stereometriam
793 2114 964 2176 numerat
980 2102 1078 2175 inter
1095 2125 1173 2176 ma-

131 2216 350 2290 thematicas
373 2216 506 2288 mixtas
520 2246 530 2299 ;
556 2239 640 2288 cum
657 2225 779 2287 tamen
797 2214 1003 2310 longitudo,
1020 2216 1173 2311 superfi-

132 2330 219 2417 cies,
231 2342 270 2403 et
286 2329 444 2403 solidum
462 2328 537 2401 sint
548 2351 615 2424 per
628 2351 732 2400 suam
748 2328 863 2424 ipsius
875 2328 1173 2401 distributionem

131 2443 344 2540 geometria
375 2464 477 2537 purae
511 2440 717 2537 subjectum
751 2439 1175 2539 adaequatum—Neque

133 2556 281 2630 interim
294 2553 1178 2629 mechanicasetarchitectoaicesobliviscendam

133 2679 203 2743 eat.
257 2669 422 2754 Quarum
439 2676 606 2763 atraque,
614 2667 830 2766 prasertim
845 2668 1072 2759 mechanica,
1086 2694 1178 2767 geo·

134 2781 310 2854 metricae
326 2804 516 2853 mensuras
533 2781 589 2853 ita
606 2780 662 2853 ad
679 2780 803 2854 malem
819 2806 1035 2880 corpoream
1052 2782 1179 2881 appli-

136 2903 210 2983 cat,
236 2903 277 2966 at
297 2903 335 2965 et
359 2893 505 2965 interim
524 2892 732 2991 ponderant
758 2903 796 2966 et
818 2894 950 2967 viriam
973 2896 1177 2969 matriniam

135 3007 317 3080 rationem
335 3005 675 3079 habeat-Rursus
696 3006 946 3080 mechanicam
963 3019 1180 3082 annumerat

137 3118 310 3205 scientiis,
329 3119 432 3213 quasi
454 3118 658 3191 mechanici
678 3131 775 3193 esset
792 3119 1055 3193 demonstrare.
1107 3121 1181 3193 Mi-

137 3257 220 3306 rnm
238 3231 276 3305 ni
294 3242 332 3304 et
349 3231 654 3306 calceamentaria
679 3234 947 3308 mathematicis
968 3235 1092 3309 mixtis
1115 3260 1181 3309 an-

138 3345 369 3420 numeranda
385 3347 444 3434 sit,
463 3347 549 3441 quia
565 3347 718 3420 metitur
735 3347 877 3443 pedem.

188 3459 238 3533 B.
264 3459 475 3555 Antequam
490 3470 654 3531 transeas
672 3458 720 3532 ad
737 3460 857 3556 Caput
868 3461 920 3548 ii,
931 3470 1065 3556 praesta
1083 3458 1183 3557 quod

140 3573 353 3669 promisisti,
379 3571 618 3646 scientiarum
647 3573 944 3648 distributionem
970 3586 1008 3647 et
1021 3573 1182 3669 singula-

139 3708 221 3759 rum
241 3685 473 3759 definitiones
491 3698 693 3759 accuratas.

189 3798 240 3870 Α.
268 3797 361 3871 Cum
378 3798 542 3871 scientiae
566 3823 636 3871 nec
663 3801 740 3871 sine
761 3799 1041 3873 ratiocinatione
1059 3799 1183 3895 acqui-

141 3923 282 3999 rantur,
298 3934 416 4007 neqne
431 3911 468 3982 in
479 3911 759 4003 ratiocinatione
772 3910 892 3984 locum
905 3911 1066 3984 habeant
1076 3936 1184 3986 voces

142 4026 337 4122 ambiguae,
355 4026 481 4121 quales
508 4037 596 4098 sunt
623 4023 846 4119 metaphorae
864 4037 901 4096 et
925 4036 1044 4096 totum
1063 4037 1184 4122 tropo·

142 4163 221 4213 rum
250 4162 393 4236 genus3
423 4150 621 4234 antequam
649 4139 885 4233 accingamur
911 4136 959 4210 ad
989 4139 1185 4212 ratiocina-

142 4253 253 4327 tionis
288 4276 393 4350 opus,
433 4277 566 4350 nempe
600 4252 782 4337 scientias,
817 4249 999 4325 discamus
1039 4264 1186 4350 oportet

144 4376 315 4441 accurate
333 4365 446 4461 loqui,
464 4364 504 4438 id
521 4376 589 4454 est,
604 4365 785 4461 praefinito
801 4363 914 4460 loqui.
