2946 5010
355 419 670 473 maruuuaurcm
690 420 935 474 uouruurra.
1096 407 1160 473 101

125 585 283 680 aequales
305 586 402 661 inter
429 611 468 661 se
495 588 579 677 ΑΒ,
608 589 681 678 CF,
713 589 794 684 (per
822 589 966 661 axioma
995 599 1165 660 octavum
1197 615 1347 657 nuuoous

124 699 307 773 Elemeuti
323 702 433 797 primi
450 701 629 796 Euclidis)
650 712 688 775 et
712 701 868 798 angulus
892 701 994 774 BFC
1016 702 1166 798 aequalis
1205 697 1347 800 L

123 813 260 908 angulo
287 814 407 903 BAC,
443 816 524 912 (per
549 816 652 888 Eucl.
683 814 706 888 i.
739 814 791 908 4.)
860 815 936 890 Qui
965 827 1090 887 autem
1118 815 1167 889 ad

121 937 302 1022 punctum
317 929 349 1002 B
366 929 405 1002 in
422 941 525 1002 recta
540 928 638 1001 linea
650 929 720 1001 DF
736 928 1011 1002 constituuntur
1028 929 1164 1024 auguli,

123 1063 250 1113 omues
267 1042 375 1114 simul
398 1043 554 1138 aequales
581 1056 667 1115 sunt
692 1042 861 1115 omuibus
889 1042 996 1114 simul
1021 1041 1166 1137 angulis

123 1153 335 1227 constitutis
351 1153 400 1227 ad
416 1167 595 1250 punctum
610 1155 640 1227 C
659 1155 699 1227 iu
715 1169 818 1227 recta
833 1154 902 1227 AC
919 1155 1101 1251 producta
1117 1155 1165 1228 ad

124 1264 165 1338 G.
219 1266 317 1339 Nam
345 1278 468 1363 partes
498 1268 606 1341 simul
637 1291 764 1341 omues
791 1267 949 1364 aequales
978 1279 1064 1341 sunt
1094 1268 1165 1341 toti

123 1378 331 1476 utrobique.
394 1380 486 1453 Cum
517 1405 605 1476 ergo
633 1382 789 1476 angulus
817 1381 918 1453 BCF
940 1380 1090 1476 aequalis
1117 1380 1165 1453 sit

123 1492 260 1588 angulo
279 1492 396 1581 ABC,
421 1506 460 1565 et
482 1493 584 1567 FBC
600 1493 750 1589 aequalis
769 1492 886 1581 BOA,
910 1493 980 1564 erit
1002 1492 1164 1589 reliquus

124 1605 225 1679 FOG
242 1607 393 1702 aequalis
406 1606 547 1703 reliquo
560 1607 672 1682 DBA
690 1607 766 1680 sive
785 1606 903 1679 BAC.
945 1607 1039 1679 Sunt
1051 1606 1165 1702 igitur

124 1729 236 1791 rectae
252 1718 336 1807 AB,
356 1718 432 1808 CF,
454 1743 536 1815 quae
563 1731 718 1792 ostensae
746 1729 832 1792 sunt
859 1719 1029 1815 aequaleS,
1059 1719 1165 1792 incli-

123 1843 221 1904 uatae
238 1830 286 1903 ad
304 1830 451 1904 easdem
464 1842 589 1928 partes
605 1832 806 1905 secuudum
823 1832 977 1928 angulos
994 1833 1165 1927 aequales.

125 1943 312 2017 Parallelae
339 1956 463 2017 autem
495 1946 571 2017 sive
601 1946 878 2041 aequidistautes
907 1946 1013 2017 lineae
1036 1945 1165 2018 defini-

123 2070 237 2130 untur
254 2081 333 2131 esse
355 2058 439 2146 illae,
458 2082 541 2154 quae
558 2060 604 2132 ab
628 2059 830 2154 aequalibus
848 2059 959 2130 rectis
976 2059 1166 2153 aequaliter

124 2170 172 2244 ad
188 2171 336 2244 easdem
353 2184 477 2267 partes
494 2172 680 2246 inclinatis
697 2172 931 2245 distiueutur.
979 2171 1165 2246 Parallelae

124 2307 212 2380 ergo
242 2295 330 2357 sunt
359 2284 435 2372 BF,
466 2285 548 2358 AC.
612 2287 735 2381 Atque
762 2286 939 2358 hacteuus
970 2285 1165 2358 ratiocina-

123 2398 275 2485 tionem,
299 2421 372 2493 qua
395 2410 470 2470 tres
491 2399 617 2494 auguli
634 2397 808 2494 trianguli
825 2398 1005 2470 rectilinei
1024 2398 1165 2472 duobus

124 2511 235 2583 rectis
262 2510 421 2606 aequales
447 2534 526 2584 esse
557 2510 870 2599 demonstrantur,
898 2512 937 2583 iu
967 2524 1090 2606 partes
1120 2536 1165 2584 ex

125 2624 258 2720 quibus
270 2636 350 2696 erat
361 2625 565 2721 composita
575 2625 807 2710 resolvimus3
825 2649 908 2721 quae
919 2623 1089 2720 anulpaia
1099 2636 1165 2698 est.

173 2734 220 2808 B.
248 2736 443 2811 Quomodo
460 2748 585 2810 autem
603 2760 648 2810 ex
666 2737 737 2809 illis
755 2748 834 2810 erat
852 2737 1081 2833 composita?

172 2851 223 2922 A.
252 2848 324 2921 Sic.
371 2850 428 2922 Ex
456 2873 500 2923 eo
531 2849 631 2946 quod
658 2850 743 2939 AC,
762 2849 830 2921 DF
857 2864 944 2922 sunt
970 2851 1165 2946 parallelae,

125 2961 352 3035 concludunt
378 2962 554 3059 angulum
578 2963 691 3036 DBA
715 2963 894 3057 aequalem
922 2987 1001 3037 esse
1031 2965 1167 3061 angulo

124 3075 267 3148 alterno
290 3073 409 3162 BAC,
433 3086 471 3148 et
495 3075 671 3171 angulum
690 3075 793 3147 FBC
819 3075 960 3150 alterno
984 3078 1103 3166 BCA,
1129 3087 1166 3150 et

124 3189 300 3284 angulum
314 3186 423 3261 ABG
440 3212 694 3272 communem
721 3200 758 3261 et
776 3188 929 3283 proinde
948 3201 1023 3262 tres
1041 3191 1164 3280 DBA,

124 3301 247 3390 ABC,
262 3300 364 3373 FBC
379 3302 538 3397 aequales
551 3325 630 3374 esse
644 3302 761 3374 tribus
773 3302 842 3374 BA
850 3302 890 3391 C,
906 3303 1022 3389 ABG,
1040 3303 1164 3391 ACB,

124 3414 440 3510 unumquemlibet
457 3415 534 3487 uni.
579 3415 800 3487 Scienduma
816 3427 918 3488 utem
936 3426 1002 3504 est,
1020 3414 1166 3511 quodsi

124 3527 295 3624 uualysia
310 3527 520 3623 plenissime
534 3541 783 3623 perageretur,
795 3552 869 3601 non
887 3529 1007 3601 minus
1024 3529 1166 3624 prolixa

125 3653 221 3715 esset
234 3664 345 3737 quam
361 3641 441 3737 ipsa
458 3657 555 3713 esset
569 3640 845 3728 demonstratio,
861 3656 1006 3737 sumpta
1019 3642 1065 3713 ab
1079 3640 1167 3736 ipsis

124 3754 313 3850 principiis
329 3777 446 3850 usqne
463 3753 511 3827 ad
528 3754 667 3827 illatam
685 3755 965 3827 conclusionem.

176 3867 226 3941 B.
254 3867 355 3942 Quin
384 3878 518 3940 natura
544 3867 735 3964 analyseos
761 3867 843 3940 talis
878 3869 927 3939 sit
958 3868 1076 3963 qualis
1106 3868 1166 3940 hic

124 3979 342 4078 explicatur,
360 3979 522 4052 dubitari
539 4004 613 4053 uon
632 3992 764 4076 potest.
821 3980 995 4053 Attamen
1012 4005 1058 4053 ne
1075 3981 1167 4053 ima-

123 4094 245 4190 ginari
261 4093 410 4188 quidem
432 4117 579 4188 possum
602 4119 674 4190 quo
699 4094 799 4166 facto
823 4094 921 4166 idem
949 4094 1027 4165 fieri
1052 4096 1168 4190 possit

123 4232 190 4304 per
206 4206 408 4303 algebram.

174 4321 225 4395 Α.
252 4320 383 4415 Neque
411 4319 535 4393 hercle
565 4343 663 4416 ergo.
723 4321 817 4394 Nam
846 4333 950 4395 extra
977 4345 1167 4418 compara-
