2946 5010
320 384 393 453 ³54
595 396 1086 453 montanaranuusscn.

138 590 209 633 cm.
223 592 277 635 vn
319 562 360 637 in
376 584 489 661 quam
504 562 636 637 incidit
650 572 739 637 ante
754 574 968 661 perrumpat
988 588 1099 662 qnam
1116 566 1260 638 caeteris
1277 588 1361 660 par-

109 658 279 779 ῃᾞ
320 674 431 766 tibus,
449 699 541 773 quas
556 696 707 751 necesse
723 688 782 751 est
797 674 906 751 simul
930 677 1074 767 cadere,
1097 678 1361 751 communicari

107 782 254 843 Μ’*
267 790 310 831 ⁸⁸²·
318 790 448 889 possit.

368 902 418 977 Α.
446 902 549 977 lctus
571 902 694 977 mallei
720 902 866 977 clavum
888 903 1071 1000 profunde
1094 904 1133 976 in
1158 904 1298 1001 lignum
1322 913 1361 976 et

319 1014 442 1091 subito
471 1014 608 1113 adiget.
660 1015 859 1092 Quodnam
884 1016 1031 1113 pondus
1056 1017 1170 1113 capiti
1196 1016 1359 1113 ejusdem

319 1126 415 1201 clavi
435 1127 660 1227 imwsitntu,
676 1152 791 1226 usque
815 1128 864 1203 ad
893 1128 1048 1203 eandem
1072 1128 1360 1225 profunditatem

318 1238 458 1339 adiget,
480 1253 519 1316 et
546 1253 685 1338 quanto
711 1241 905 1338 tempore?
947 1242 1141 1317 Problema
1168 1243 1267 1315 enim
1290 1255 1359 1330 est,

319 1352 422 1449 quod
435 1354 570 1452 saepius
581 1354 708 1429 audivi
723 1352 929 1429 discussum
944 1353 1043 1429 inter
1059 1354 1242 1453 physicos.

369 1464 420 1545 B.
446 1466 665 1543 Differentia
680 1491 763 1565 quae
779 1478 836 1542 est
857 1467 956 1542 inter
971 1468 1125 1543 modum
1141 1492 1214 1566 quo
1232 1491 1358 1565 opera-

318 1590 382 1655 tur
396 1579 555 1677 paudum,
577 1592 618 1655 et
633 1579 786 1655 modum
801 1602 876 1679 quo
895 1591 1070 1678 operatur
1085 1581 1194 1669 ictus,
1210 1579 1300 1653 facit
1316 1592 1360 1652 ut

317 1690 482 1767 mlculns
493 1692 543 1769 sit
558 1691 804 1767 difficillimus.
846 1692 944 1768 Nam
960 1693 1056 1768 ictus
1069 1692 1117 1768 ad
1129 1715 1244 1767 unum
1254 1693 1359 1789 quasi

316 1818 498 1903 punctum
513 1806 617 1905 ligni,
634 1805 825 1881 celeritate
848 1829 915 1880 sua
936 1806 1183 1881 resistentiam
1207 1819 1359 1880 caetera·

317 1942 401 1993 rum
427 1920 589 2016 partium
610 1918 834 1995 antevertit:
860 1918 960 1994 nude
982 1919 1107 1993 clavus
1128 1918 1273 1993 facilius
1300 1919 1359 1992 in-

316 2030 494 2129 greditur.
546 2032 622 2107 Sed
636 2030 782 2131 pondus
797 2054 867 2106 nec
883 2044 1030 2130 tempus
1046 2031 1241 2105 resistendi
1263 2056 1358 2129 pree-

316 2144 432 2237 venit,
464 2156 503 2219 et
534 2144 782 2219 resistentiam
813 2157 938 2240 anget.
1006 2143 1079 2219 Sed
1109 2158 1286 2242 quantum
1319 2157 1359 2219 et

317 2269 458 2356 quanto
473 2271 653 2356 tempore,
670 2256 762 2333 illud
774 2268 830 2333 est
846 2257 948 2355 quod
960 2257 1205 2334 determinare
1222 2258 1358 2354 impos-

314 2370 421 2447 sibile
436 2396 517 2447 esse
533 2385 636 2470 puto.

367 2484 417 2560 Α.
445 2486 628 2562 Quaenam
647 2496 704 2560 est
726 2484 935 2559 differentia
952 2482 1015 2557 in*
1041 2483 1290 2557 redactionem
1319 2495 1358 2557 et

315 2620 516 2687 recursum,
535 2599 680 2695 qualem
698 2599 907 2695 experimur
923 2598 962 2671 in
980 2599 1172 2672 tormentis
1189 2596 1356 2670 bellicis?

364 2710 413 2786 B.
440 2713 682 2808 Repercussio
700 2712 831 2801 omnis,
848 2712 997 2808 proprie
1022 2711 1218 2806 loquendo,
1234 2734 1357 2782 recur-

315 2847 378 2897 sus
403 2835 484 2898 est:
510 2837 549 2898 at
578 2849 654 2898 non
683 2849 704 2897 e
732 2825 920 2898 contrario
947 2824 1066 2897 omnis
1098 2847 1266 2896 recursus
1299 2835 1355 2895 est

314 2939 555 3033 repercussio.
607 2937 849 3034 Repercnssio
879 2961 1022 3033 semper
1048 2937 1092 3010 fit
1118 2961 1142 3008 a
1168 2937 1356 3009 reactione

314 3051 478 3147 cumeris
495 3051 680 3148 percussi:
706 3050 771 3124 sed
788 3073 959 3123 recursus
973 3073 1048 3122 non
1075 3072 1230 3145 semper.
1283 3049 1356 3122 Re-

314 3186 443 3237 cursus
460 3164 560 3236 enim
577 3188 652 3237 non
669 3164 712 3237 fit
728 3162 930 3260 premendo
952 3161 1140 3258 pulverem
1163 3164 1355 3247 ultratum,

313 3276 471 3350 sedavi
493 3278 663 3366 flammae,
682 3302 765 3374 quae
783 3301 939 3352 accenso
963 3276 1113 3373 pulvere
1131 3299 1354 3371 quaquaver-

313 3412 396 3462 sum
411 3391 602 3486 aeqnaliter
618 3403 798 3464 movetur.

363 3501 414 3577 A.
441 3504 645 3577 Recursum
662 3504 765 3577 illum
783 3514 912 3576 natum
929 3526 1008 3575 esse
1025 3514 1196 3598 putaram
1210 3504 1256 3575 ab
1270 3527 1354 3575 aere

312 3615 352 3689 in
369 3641 548 3691 canonem
572 3618 749 3691 redeunte
765 3629 959 3714 postquam
982 3617 1129 3689 flamma
1146 3628 1184 3688 et
1199 3616 1275 3712 pila
1291 3641 1355 3688 ex-

312 3730 425 3825 plosae
461 3744 593 3804 essent.
661 3731 758 3803 Nam
795 3742 838 3804 ut
871 3729 944 3803 loci
983 3741 1140 3816 tantum,
1175 3742 1353 3824 quantum

311 3866 470 3916 vacuum
502 3854 655 3939 propter
685 3842 933 3938 explosionem
964 3840 1245 3937 relinqueretur,
1277 3856 1353 3914 tam

310 3956 433 4028 subito
449 3979 533 4029 aere
550 3957 713 4029 intrante
725 3979 793 4051 per
805 3954 970 4028 foramen
984 3956 1158 4051 exiguum
1175 3956 1267 4029 illud
1280 3980 1353 4051 quo

310 4068 430 4162 pulvis
448 4069 728 4157 accendebatur,
746 4069 891 4165 impleri
907 4092 1013 4164 posse
1027 4092 1103 4142 non
1120 4084 1301 4166 putaram.

360 4181 409 4255 B.
436 4182 600 4255 Flamma
617 4182 680 4254 illa
696 4181 788 4253 nihil
811 4180 911 4254 aliud
929 4195 986 4254 est
1009 4194 1143 4277 praeter
1165 4182 1352 4277 pulverem

633 4368 650 4401 ¹
674 4365 723 4426 Sic
736 4367 805 4425 edit.
824 4368 900 4425 1662
914 4377 944 4425 et
961 4369 1046 4425 1668.
