2946 5010
260 434 333 502 282
584 448 639 500 na
658 447 827 501 narona
845 447 981 500 ansus.

308 614 359 686 A.
387 612 438 686 Ut
467 611 690 709 diophanum
720 613 910 709 quodlibet
939 625 995 686 est
1020 612 1221 710 speculum,
1248 613 1301 686 sic

260 749 405 823 quoque
426 735 548 822 partes
575 727 654 821 ejus
679 726 1022 823 quantulaecunque,
1040 726 1111 800 nisi
1127 726 1247 823 planae
1263 738 1302 800 et

260 841 299 913 in
316 839 445 913 eodem
471 839 581 935 plano
609 839 693 928 sint,
715 851 802 912 sunt
817 838 973 912 totidem
989 839 1149 934 specula,
1167 862 1302 934 reprae-

259 964 478 1050 sentantque
491 951 647 1025 totidem
661 952 806 1047 objecta
822 951 956 1040 lucida,
966 950 1030 1024 sed
1046 952 1301 1041 minutissima,

260 1089 415 1163 quorum
449 1064 627 1161 imagines
660 1064 836 1138 confertae
870 1064 1045 1138 exhibent
1079 1088 1154 1138 non
1187 1088 1301 1138 unum

260 1178 424 1252 lucidum
440 1201 625 1274 magnum,
638 1177 703 1252 sed
721 1202 765 1250 er
784 1177 954 1251 omuibus
972 1177 1170 1250 conflatum
1186 1201 1302 1251 unum

260 1290 422 1365 colorem
439 1291 487 1365 ad
503 1291 623 1365 lucem
635 1291 800 1387 proxime
817 1290 1064 1378 accedentem,
1076 1314 1186 1387 quam
1196 1315 1302 1366 voca·

261 1427 342 1478 mus
376 1403 590 1477 albedinem.
647 1404 777 1500 Itaque
812 1427 1020 1500 corporum,
1054 1427 1137 1501 quae
1171 1416 1303 1477 natura

260 1517 343 1591 alba
360 1529 458 1603 sunt,
475 1516 685 1614 superficies
708 1528 880 1591 constant
904 1540 950 1589 ex
969 1516 1230 1612 superficiebus
1246 1517 1302 1591 iu·

260 1630 433 1718 numeris,
449 1654 527 1726 prae
545 1630 746 1726 exiguitate
764 1629 912 1726 quidem
930 1629 1116 1726 sigillatim
1130 1630 1211 1703 visu
1227 1653 1302 1703 non

259 1743 571 1841 perceptibilibus,
589 1743 762 1817 convexis
780 1753 915 1831 tamen,
936 1756 974 1816 et
991 1766 1057 1839 per
1074 1765 1302 1839 consequens

259 1857 379 1931 lucem
396 1857 450 1931 ita
466 1855 751 1943 reflectentibus,
771 1866 812 1928 ut
828 1856 875 1928 ab
894 1855 993 1928 omui
1015 1867 1120 1952 parte
1144 1855 1192 1928 ad
1214 1880 1302 1930 ocu-

259 1971 337 2044 lum
362 1970 554 2066 pervenire
581 1969 699 2064 possit
727 1979 871 2041 tantum
898 1967 1097 2055 radiorum,
1123 1980 1302 2065 quantum

260 2083 393 2158 sufficit
422 2082 469 2156 ad
499 2082 704 2156 faciendam
730 2082 930 2165 visionem3
957 2080 1055 2178 quod
1083 2082 1231 2177 quidem
1255 2083 1302 2154 ab

260 2220 335 2271 una
351 2195 515 2293 simplice
534 2193 725 2291 superficie
742 2193 823 2266 fieri
839 2217 913 2266 non
932 2206 1066 2290 potest.

310 2311 360 2384 B.
388 2309 544 2385 Qualem
562 2320 685 2381 autem
708 2307 938 2404 superficiem
955 2307 1090 2380 habere
1111 2305 1221 2382 debet
1237 2307 1303 2382 ob-

256 2423 411 2517 jectum,
428 2432 471 2494 ut
487 2431 661 2516 appareat
680 2420 854 2515 nigrum?

310 2533 356 2608 Α.
384 2535 437 2606 Ut
453 2533 575 2606 album
592 2534 676 2620 luci,
690 2534 743 2605 ita
759 2533 905 2631 nigrum
922 2533 1081 2605 tenebris
1099 2532 1216 2606 simile
1234 2545 1300 2607 est.

260 2649 308 2720 Et
337 2659 532 2743 propterea
559 2646 769 2742 superficies
800 2646 963 2742 corporis
991 2647 1086 2741 nigri
1113 2646 1196 2718 talis
1223 2670 1302 2719 esse

262 2761 382 2847 debet,
400 2770 440 2832 ut
464 2758 584 2830 nullus
610 2758 734 2830 radius
755 2759 828 2852 (vel
851 2759 1074 2854 paucissimi)
1095 2784 1221 2831 eorum
1240 2760 1303 2855 qui

261 2873 308 2945 ab
326 2870 470 2966 objecto
487 2869 609 2942 lucido
628 2870 665 2942 in
690 2895 770 2944 eam
798 2872 976 2959 incidunt,
997 2873 1133 2943 reflecti
1150 2873 1203 2945 ita
1219 2896 1302 2969 pos-

262 2986 319 3074 sit,
338 2996 380 3057 ut
398 2983 445 3056 ad
464 2983 611 3056 oculum
629 2984 820 3078 perveniat
838 2985 1045 3081 ubieunque
1062 2985 1233 3080 positum.

313 3097 360 3170 B.
391 3096 607 3172 Qualisnam
625 3108 682 3168 est
699 3096 788 3168 illa?

310 3209 357 3283 A.
384 3211 439 3282 Ea
451 3233 532 3307 quae
551 3210 785 3306 componitur
801 3233 846 3282 ex
863 3210 1041 3304 partibus,
1053 3211 1304 3283 minutissimis

262 3325 410 3421 quidem
428 3336 465 3395 et
483 3347 563 3417 quae
581 3323 699 3394 visum
724 3322 876 3417 singulae
901 3323 1060 3419 fugiunt,
1079 3324 1142 3397 sed
1160 3325 1302 3397 erectis.

261 3438 359 3511 Nam
377 3437 407 3509 si
426 3436 679 3509 minutissimae
698 3436 771 3508 sint
788 3434 999 3532 eaedemque
1017 3451 1160 3521 ereetae,
1186 3438 1303 3510 omnis

262 3551 385 3624 radius
402 3550 438 3622 in
458 3573 538 3621 eam
563 3550 726 3622 incidens
744 3574 766 3621 a
783 3549 905 3622 lucido
932 3552 1076 3645 objecto
1093 3552 1304 3646 ubicunque

262 3665 393 3760 positu,
413 3663 621 3735 reflectetur
638 3663 677 3734 in
694 3662 900 3757 subjectum
919 3687 1061 3759 corpus,
1079 3676 1117 3737 et
1135 3688 1200 3760 per
1218 3688 1305 3736 con·

262 3800 416 3871 sequens
434 3776 481 3848 ad
495 3776 639 3848 oculum
652 3776 775 3847 venire
790 3799 864 3846 non
881 3788 1024 3870 potest:
1043 3790 1079 3850 et
1093 3778 1145 3851 sic
1158 3778 1305 3876 nigrum

262 3902 430 3962 nontam
447 3889 605 3976 videtur,
631 3914 740 3984 quarn
758 3913 780 3961 a
799 3889 1058 3963 circumstante
1076 3892 1208 3964 visibili
1230 3891 1304 3965 dis-

263 4002 455 4097 tinguitur.

314 4115 363 4188 B.
392 4117 499 4188 Hanc
530 4117 647 4213 ipsam
676 4116 878 4211 nigredinis
906 4142 1054 4189 causam
1080 4118 1239 4192 reddidit
1265 4120 1304 4191 in

262 4227 453 4322 frequente
477 4254 648 4302 consessu
674 4254 769 4302 uuus
794 4255 837 4302 ex
860 4232 1005 4321 nostris,
1025 4233 1091 4304 tibi
1106 4233 1198 4304 bene
1217 4257 1304 4328 cog-

263 4341 362 4414 nitus
386 4354 422 4415 et
447 4341 607 4417 amicus:
635 4342 698 4415 sed
727 4368 800 4416 non
827 4346 1019 4438 persuasit.
1075 4346 1304 4441 Responsum
