2946 5010
308 355 379 421 214
524 369 793 423 axsutunmo
814 371 864 423 nr
883 368 1131 421 nunnunmo

118 561 269 605 ammons
307 539 384 613 sive
410 563 473 612 sex
496 539 822 636 quindecimamm,
853 537 943 610 dicti
970 560 1077 609 arcus
1105 535 1223 609 BCD.
1275 534 1355 610 Sed

178 645 217 684 vr.

123 710 267 748 *vu

306 652 418 725 tertia
433 675 518 748 pars
536 676 599 724 sex
617 651 931 747 quindecimarum
949 663 1006 722 est
1024 647 1083 740 ‘i‘-
1133 649 1258 724 Quare
1275 649 1355 722 AO

307 776 365 838 est
381 763 423 856 3²,-
440 788 547 838 arcus
566 765 684 852 BCD,
702 764 778 837 sive
796 775 907 836 rectae
925 764 994 835 ΑΕ
1012 762 1070 834 vel
1088 762 1167 836 DF.
1218 760 1354 857 ltaque

307 890 475 951 centrum
491 878 683 973 gravitatis
705 876 921 950 semicirculi
939 875 1117 972 genitoris
1134 874 1279 948 ABCD
1298 875 1355 949 ita

307 989 439 1062 dividit
456 991 599 1064 radium
616 991 687 1063 AC
712 991 750 1063 in
775 990 820 1078 Ο,
846 1002 889 1064 ut
914 1013 1000 1086 pars
1018 990 1090 1063 AO
1117 989 1165 1062 sit
1181 985 1222 1079 ᾖ
1241 1013 1353 1063 arcus

307 1102 426 1177 BCD.
479 1104 590 1178 Quod
606 1115 685 1177 erat
703 1103 1041 1177 demonstrandum.

360 1215 498 1290 Coroll.
539 1217 662 1289 Ducta
678 1218 724 1289 ab
738 1217 771 1290 Ο
789 1229 893 1290 recta
905 1218 963 1291 Ον
980 1216 1154 1312 parallelo
1168 1214 1351 1289 diametro

308 1328 391 1418 BD,
406 1351 534 1402 secans
551 1341 691 1402 rectam
703 1330 763 1401 Aa
780 1328 818 1402 in
830 1363 859 1418 v,
874 1330 943 1403 erit
956 1343 1131 1426 puuctum
1150 1363 1168 1400 v
1182 1340 1353 1402 centrum

306 1441 499 1537 gravitatis
517 1441 732 1538 quadrantis
750 1440 868 1514 ABG.

743 1729 909 1782 ALI'I'ER.

356 1881 394 1954 Si
418 1883 484 1955 fiat
505 1894 548 1955 ut
571 1906 678 1956 arcus
707 1881 775 1955 BC
811 1885 858 1958 ad
889 1883 980 1957 duas
1007 1883 1136 1957 tertias
1166 1881 1352 1958 subteusae

305 1993 389 2082 BC,
415 1996 468 2068 ita
488 1998 547 2078 ΑΕ
569 1996 836 2070 semisubtensa
863 1996 913 2069 ad
944 2008 1112 2092 quartam
1135 1996 1352 2070 sumendam

305 2106 351 2179 ab
365 2107 399 2179 A
417 2132 542 2182 versus
555 2110 595 2199 C,
611 2111 682 2183 erit
695 2111 873 2182 terminus
887 2110 965 2204 ejus
979 2122 1145 2183 centrum
1159 2110 1351 2208 gravitatis

305 2221 535 2294 semicirculi.
589 2224 889 2296 Demonstratnm
907 2235 964 2294 est
982 2247 1004 2294 a
1021 2221 1081 2295 «lo.
1097 2224 1145 2296 dc
1161 2224 1200 2297 la
1213 2223 1350 2311 Fatue,

303 2357 409 2431 prop.
428 2336 556 2408 xxxvi.
611 2336 684 2408 Sed
701 2348 743 2408 ut
760 2359 865 2408 arcus
885 2335 952 2408 BC
969 2335 1017 2407 ad
1040 2337 1252 2410 subtensam
1270 2337 1350 2425 BC,

304 2449 357 2522 ita
374 2450 548 2522 subtensa
573 2449 641 2521 BC
661 2448 708 2520 od
727 2445 769 2539 -2-
786 2472 893 2521 arcus
912 2448 994 2536 BC,
1014 2448 1051 2520 id
1077 2461 1144 2538 est,
1163 2451 1210 2523 ad
1236 2474 1350 2522 unam

306 2562 473 2656 quintam
491 2561 605 2634 totius
624 2561 743 2633 BCD.
798 2560 934 2647 Quare,
952 2573 993 2632 ut
1017 2586 1124 2635 arcus
1155 2564 1222 2635 BC
1242 2563 1288 2635 ad
1307 2561 1347 2654 -ζ-

306 2673 490 2745 subtensae
510 2672 588 2762 BC,
608 2675 660 2746 ita
673 2675 742 2762 nt,
759 2674 796 2745 id
815 2687 883 2758 est,
902 2675 1177 2764 semisubtensa‚
1193 2677 1240 2748 ad
1258 2677 1349 2749 duas

305 2787 433 2858 tertias
469 2786 624 2858 duamum
654 2788 867 2881 quintarum
895 2812 1000 2858 arens
1025 2787 1104 2876 BC,
1132 2791 1171 2860 id
1203 2801 1269 2878 est,
1301 2792 1349 2863 ad

305 2924 416 2971 unam
455 2901 602 2972 tertiam
640 2900 796 2972 duarum
835 2901 1046 2994 quintarum
1085 2905 1199 2974 totius
1241 2928 1350 2976 arcus

305 3011 424 3100 BCD,
439 3014 477 3085 id
496 3026 563 3102 est,
582 3013 630 3086 ad
651 3012 681 3104 ᾗ
703 3037 809 3086 arcus
825 3012 940 3086 BCD.
975 3016 1086 3089 Quod
1104 3031 1184 3089 erat
1198 3017 1349 3089 demon-

304 3125 507 3197 strandum.

358 3239 400 3311 B.
429 3240 467 3312 Si
485 3241 551 3311 fiat
572 3238 821 3311 semicirculus
838 3263 961 3311 aeneus
985 3254 1190 3327 accuratus,
1216 3241 1277 3335 qui
1300 3241 1349 3313 sit

304 3352 468 3449 ejusdem
495 3354 630 3448 ubique
659 3353 922 3440 crassitudinis,
954 3355 1056 3448 isque
1084 3354 1122 3425 iu
1153 3356 1348 3449 puuctoO

303 3467 406 3538 tenui
424 3467 485 3538 lilo
505 3490 700 3562 suspensus
718 3477 864 3538 maneat
882 3467 991 3561 plano
1010 3468 1212 3539 horizontis
1229 3468 1349 3562 paral-

305 3580 407 3667 lelus
439 3581 527 3675 quin
551 3590 654 3652 recta
679 3579 747 3651 DF
772 3580 922 3674 aeqnalis
944 3581 993 3651 sit
1010 3582 1112 3652 arcui
1130 3581 1349 3653 semicirculi

305 3694 491 3789 genitoris,
511 3691 671 3764 dubitari
688 3693 843 3787 amplius
861 3716 936 3764 nou
955 3706 1088 3788 potest.

356 3806 405 3878 Α.
432 3807 512 3878 Etsi
530 3808 780 3901 experimenta
798 3806 886 3877 talia
903 3807 974 3878 vim
998 3832 1073 3879 uon
1098 3808 1259 3879 habeant
1285 3808 1348 3879 de-

306 3920 593 4005 monstrationis
615 3920 721 4014 juvat
739 3932 862 3989 tamen
882 3920 1002 4013 operis
1020 3944 1104 3991 cnm
1123 3921 1347 4014 contempla-

307 4035 408 4105 tione
427 4034 629 4104 consensio.
673 4033 801 4126 Itaque
822 4032 1090 4104 semicirculum
1108 4057 1250 4105 aeneum
1268 4035 1347 4107 fieri

308 4146 445 4233 curavi,
464 4159 501 4217 et
519 4145 691 4240 suspendi
708 4146 754 4217 ab
779 4168 821 4215 eo
841 4156 990 4239 punem,
1009 4160 1047 4217 et
1064 4147 1348 4242 parallelismnm

305 4259 570 4331 lrorizontalem
588 4258 711 4330 inveni
724 4257 1003 4330 exactissimum.
1057 4259 1130 4331 Sed
1151 4260 1321 4354 procede.
