2946 5010
237 614 304 656 ΟΔΡ.
320 616 361 657 lx.

231 685 372 711 bw-ae

243 744 364 805 Mum

414 409 488 477 408
564 422 618 474 nu
638 422 867 474 enrucmus
888 423 938 474 nr
958 419 1319 474 numoctunmoun

415 590 590 663 terminos
617 590 706 663 alios
737 612 811 663 non
845 589 979 662 habere
1010 600 1254 685 praeterquam
1287 587 1467 682 longitu-

416 703 522 788 dinis,
539 716 577 775 et
603 716 798 801 propterea
824 702 979 798 figuram
1007 726 1082 775 non
1111 726 1199 775 esse.
1253 700 1464 774 Quomodo

413 839 502 910 ergo
520 814 693 888 differunt
713 816 809 889 inter
826 839 865 887 se
883 814 966 888 duae
982 814 1089 889 lineae
1106 816 1221 888 finitae
1238 813 1462 908 inaequales,

414 952 565 1024 quarum
583 928 699 1000 altera
715 940 827 1015 recta,
838 928 955 1000 altera
972 951 1084 1001 curva
1100 941 1166 1017 est,
1178 929 1208 1002 si
1223 950 1298 999 non
1312 925 1461 1022 figura?

413 1041 597 1141 Differunt
614 1042 712 1114 euim
729 1041 922 1138 plusquam
940 1031 1180 1139 longitudine.

462 1154 637 1227 Definitio
672 1153 814 1228 decima
837 1155 987 1251 quinta:
1018 1154 1192 1228 Circulos
1227 1163 1284 1227 est
1305 1153 1457 1250 figura

405 1265 528 1364 planu
545 1265 610 1338 sub
628 1292 699 1340 una
717 1266 814 1340 linea
832 1266 1103 1364 comprehensu,
1119 1293 1197 1365 quoe
1220 1265 1457 1365 peripheria

411 1378 636 1478 appellatur,
652 1381 689 1453 iu
703 1406 809 1477 quum
822 1379 869 1453 ob
883 1405 952 1453 uno
959 1390 1100 1476 puncto
1115 1405 1237 1454 eorum
1252 1404 1328 1477 quc
1346 1378 1456 1452 intra

397 1492 572 1590 figuram
597 1503 682 1565 suut
703 1494 845 1590 posito,
875 1493 1047 1565 cadentes
1072 1518 1195 1566 omues
1212 1501 1323 1564 rectae
1341 1491 1455 1566 linere

411 1605 654 1678 interserunt
672 1604 845 1701 ecquale-s.
885 1604 1005 1678 Quam
1024 1630 1098 1678 non
1114 1603 1363 1700 reprehendo:
1383 1604 1454 1678 sed

411 1743 546 1814 quaero,
558 1719 688 1815 primo,
699 1741 811 1813 quare
828 1718 944 1790 latera
958 1719 1080 1791 omnia
1095 1720 1202 1791 simul
1216 1742 1296 1815 quae
1310 1719 1452 1790 consti·

410 1843 517 1905 tuunt
529 1831 706 1904 ambitum
721 1830 905 1926 polygoni,
913 1855 985 1903 non
997 1855 1099 1926 reque
1113 1856 1186 1903 una
1195 1831 1291 1903 linea
1305 1839 1391 1902 sunt
1404 1854 1451 1903 ac

408 1945 605 2040 perimeter
622 1944 747 2016 circuli
765 1975 774 2026 ;
806 1943 866 2040 qui
886 1943 1043 2015 circulus
1060 1944 1285 2040 polygonum
1303 1945 1449 2019 censeri

408 2067 527 2150 potest
544 2057 699 2129 laterum
717 2079 870 2128 numero
888 2054 1127 2127 infinitorum.
1179 2056 1219 2128 Si
1236 2055 1361 2127 dicant
1379 2055 1451 2128 dif-

408 2166 602 2242 ferentiam
616 2170 814 2242 consistere
824 2169 861 2240 in
875 2192 919 2240 eo
934 2168 1033 2263 quod
1051 2168 1124 2240 duo
1142 2168 1257 2240 latera
1270 2167 1450 2264 polygoni

408 2305 481 2353 non
499 2282 636 2355 habent
652 2295 829 2378 punctum
843 2305 1036 2355 commuue
1054 2281 1100 2353 ad
1119 2306 1181 2354 eos
1199 2305 1290 2377 quos
1303 2281 1449 2355 faciunt

408 2395 571 2489 angulos,
596 2395 690 2467 sicut
717 2395 856 2466 hebent
883 2394 954 2467 duo
985 2394 1139 2490 quilibet
1169 2419 1276 2467 arcus
1304 2395 1448 2483 circuli,

407 2508 646 2602 acquiescam.
700 2508 884 2579 Caeternm
914 2507 944 2579 si
972 2508 1024 2578 ita
1052 2507 1190 2596 dicant,
1218 2508 1369 2579 videant
1397 2534 1448 2582 au

406 2631 548 2706 ἀκρίβειαν
563 2619 660 2690 illam
677 2619 936 2713 propositionis
953 2624 1013 2706 47,
1032 2619 1146 2691 Elem.
1166 2619 1189 2706 i,
1208 2643 1282 2691 non
1301 2620 1446 2709 tollant,

407 2733 465 2802 cui
492 2733 649 2802 maxima
665 2756 749 2825 pars
768 2732 979 2824 geometriae
997 2732 1179 2804 innititur.
1233 2733 1367 2804 Quaero
1388 2757 1448 2804 se-

406 2844 615 2931 cu11‹10‚cur
629 2868 703 2914 uon
718 2844 883 2915 definivit
898 2845 1074 2915 circulum
1093 2870 1113 2916 a
1128 2845 1446 2918 circumductione

405 2956 508 3041 radii,
527 2969 568 3028 ut
586 2956 748 3028 definivit
769 2958 947 3052 sphaeram
965 2983 986 3028 a
1004 2959 1315 3030 circumductione
1335 2960 1446 3030 semi-

404 3069 552 3151 circuli;
580 3094 662 3140 nam
692 3071 833 3163 potuit:
861 3083 898 3141 et
927 3070 1056 3142 fuisset
1087 3070 1251 3142 definitio
1283 3070 1344 3141 illa
1378 3070 1445 3142 de-

404 3182 555 3254 claratio
573 3184 819 3277 generationis
838 3183 975 3271 circuli,
995 3197 1032 3254 et
1050 3208 1115 3279 per
1133 3185 1232 3256 illem
1250 3185 1329 3256 haec
1352 3185 1445 3256 defi-

402 3297 494 3367 nitio
514 3296 753 3368 demonstrari
772 3298 929 3368 breviter
950 3299 1139 3391 potuisset.
1194 3300 1236 3370 ln
1255 3299 1309 3370 his
1329 3298 1445 3394 igitur

402 3409 674 3482 definitionibus
692 3411 918 3505 reprehendo
936 3426 984 3490 τὴν
1006 3426 1159 3493 araturam.

460 3526 634 3598 Definitio
670 3527 852 3598 tricesima
886 3537 1039 3621 quarta:
1081 3526 1286 3599 Purallclce
1328 3539 1443 3601 rectcc

400 3637 506 3708 liuere
534 3649 629 3726 curet,
657 3664 738 3734 quoe
765 3665 843 3710 cum
871 3640 908 3710 in
935 3640 1060 3711 eodem
1086 3640 1160 3711 siut
1181 3640 1310 3736 plane,
1330 3651 1366 3712 et
1394 3669 1443 3715 ee

400 3760 556 3847 utruque
575 3763 692 3847 purte
719 3753 755 3822 iu
787 3753 965 3846 infinitum
985 3754 1259 3848 producuntur,
1285 3754 1322 3824 in
1352 3780 1441 3826 neu-

400 3873 497 3934 trum
515 3865 589 3935 sibi
607 3874 725 3936 urutuo
744 3864 934 3937 incident:
961 3890 1048 3937 vera
1065 3867 1212 3962 quidem
1231 3879 1285 3937 est
1302 3890 1440 3961 propo-

400 3978 496 4063 sitio,
531 4002 605 4048 uon
637 3989 759 4049 autem
785 3979 881 4050 bona
911 3979 1086 4051 definitio,
1139 3981 1242 4051 Bona
1271 3978 1439 4054 definitio

400 4092 613 4185 ingenerare
645 4092 751 4164 debet
783 4092 959 4164 auditoris
986 4093 1108 4163 animo
1135 4093 1255 4164 ideam
1281 4092 1439 4187 paralle-

400 4205 505 4290 lismi‚
524 4206 644 4292 idest,
664 4206 953 4300 aequidistantiae.
1006 4206 1056 4277 At
1079 4206 1116 4276 in
1135 4206 1203 4278 hac
1222 4204 1438 4278 definitione

400 4341 444 4387 ue
462 4342 536 4389 unu
553 4319 699 4412 quidem
720 4344 788 4389 vox
808 4334 863 4391 est
881 4344 962 4413 quae
990 4319 1171 4413 signifieat
1199 4331 1262 4391 aut
1285 4320 1436 4411 {equali-
