2946 5010
303 336 373 418 178
514 354 785 409 uxnurunuro
804 356 857 408 un
874 355 1122 409 uuunnarro

111 547 262 592 ammons
299 532 463 620 possunt.
515 522 613 598 Nam
630 524 869 613 theoremata,
887 533 1039 620 excepto
1060 520 1339 620 quadragesimo

113 630 255 734 ,ζ’-
299 635 468 732 septimo,
494 636 594 734 quod
620 661 727 711 suum
755 650 811 711 est
837 647 875 711 et
896 637 1040 727 falsum,
1069 637 1115 710 ab
1146 635 1226 709 aliis
1253 658 1339 707 vere

299 748 552 824 demonstrata
564 761 672 834 sunt;
689 748 845 824 Wallisii
859 762 983 824 autem
997 749 1339 837 demonstrationes,

297 874 451 959 propter
482 861 704 937 densitatem
737 862 996 960 symbolorum,
1037 886 1113 935 non
1147 875 1338 958 apparent.

298 974 430 1073 Neque
455 975 654 1072 quicquam
679 976 828 1064 habent,
847 975 916 1049 etsi
933 998 1031 1049 verae
1053 986 1186 1064 essent,
1204 986 1340 1070 praeter

296 1086 463 1184 aualysin
494 1087 624 1163 alienae
650 1087 877 1184 syntheseos.
940 1087 996 1160 Ea
1020 1086 1134 1183 igitur
1160 1087 1339 1178 transilio,

297 1223 498 1297 properans
508 1199 556 1274 ad
565 1197 1082 1275 tractatumchrithnetica
1092 1196 1339 1294 Infinitum,

298 1335 371 1409 quo
397 1311 490 1385 nihil
520 1336 683 1410 unquam
716 1312 908 1410 quisquam
935 1310 1030 1386 vidit
1063 1312 1102 1386 in
1135 1315 1340 1409 geometria

296 1424 452 1523 turpius.

346 1537 395 1612 B.
422 1537 643 1635 Incipiamus
660 1561 749 1634 ergo
768 1538 815 1612 ab
831 1537 997 1634 Epistola
1013 1537 1261 1616 Dedicatoria.

347 1651 397 1727 A.
424 1650 509 1727 Non
523 1663 580 1725 est
591 1675 752 1726 necesse.
784 1651 887 1725 Nihil
904 1650 1004 1724 enim
1021 1653 1187 1728 continet
1202 1669 1339 1751 praeter

296 1764 464 1840 ordinem
484 1788 633 1839 suarum
657 1764 770 1862 ipsius
791 1765 1068 1862 cogitationum,
1097 1768 1228 1862 quibus
1255 1796 1339 1867 pcr-

295 1877 429 1953 ductus
446 1889 503 1953 est
519 1878 569 1953 ad
591 1878 787 1953 absurdam
805 1877 905 1953 illam
924 1880 1003 1975 ejus
1031 1879 1160 1954 circuli
1183 1884 1340 1978 quadra·

294 2001 429 2066 turam.
497 1990 627 2087 Neque
655 1992 695 2065 in
725 2000 885 2066 tractatu
918 1990 998 2089 ipso
1033 1992 1187 2068 ulterius
1217 1995 1338 2094 legam

295 2127 406 2201 quam
433 2103 482 2178 ad
507 2103 796 2201 propositionem
813 2104 885 2178 xli:
913 2106 1000 2202 quia
1022 2106 1162 2202 priores
1180 2107 1246 2182 has
1269 2135 1337 2207 pro

294 2217 536 2293 fundamento
552 2217 659 2315 ponit
676 2218 840 2292 omnium
857 2242 941 2316 quae
957 2230 1173 2317 sequuntur.
1216 2222 1338 2296 Prima

294 2332 497 2431 propositio
524 2344 581 2405 est
611 2330 753 2421 lemma,
776 2333 835 2406 vel
870 2332 994 2430 potius
1021 2330 1218 2430 problema
1243 2332 1336 2409 hoc:

297 2445 345 2520 Si
382 2454 618 2545 proponatur
661 2444 781 2519 serica
822 2446 1072 2544 quantitatum
1106 2445 1337 2521 arithmetice

288 2556 641 2655 proportionalium,
655 2557 733 2631 oioe
749 2559 866 2653 jacto
885 2556 1093 2632 noturabern
1109 2583 1336 2632 numerorum

295 2670 609 2767 consequutionem
628 2670 797 2744 continue
814 2670 1062 2759 crescentium,
1081 2694 1106 2743 a
1122 2681 1261 2767 puncto
1279 2670 1339 2744 ael

296 2783 501 2882 0(cqp}rro
511 2807 577 2855 scu
589 2782 704 2856 nihilo
704 2786 726 2877 )
741 2785 1006 2872 inchoatarum,
1017 2793 1115 2880 puta
1126 2793 1161 2871 0,
1173 2793 1246 2872 1,2‚
1256 2794 1334 2874 3,4,

295 2905 364 2969 etc.
372 2922 386 2978 ,⁰
397 2895 636 2994 propositum
650 2894 701 2968 ait
715 2895 903 2993 inquirere
916 2919 1024 2992 quom
1034 2894 1143 2967 habet
1154 2896 1336 2968 rationem

296 3032 423 3082 earum
439 3007 594 3080 omnium
614 3018 868 3106 aggregatum
890 3007 944 3081 ad
967 3018 1224 3108 aggregatum
1251 3011 1336 3083 ton·-

295 3120 377 3194 dcru
394 3119 562 3193 maximoe
579 3117 786 3218 coquentium.

345 3234 394 3307 B.
423 3234 619 3307 Rationem
637 3233 750 3307 habet
766 3244 845 3308 tota
861 3234 974 3307 series
991 3234 1039 3307 ad
1055 3258 1249 3309 numerum
1263 3248 1337 3310 ter-

295 3347 480 3421 minorum
514 3346 796 3443 multiplicatum
826 3370 893 3443 per
934 3348 1146 3438 maximum,
1182 3350 1337 3425 eandem

297 3483 407 3556 quam
424 3460 536 3534 habet
554 3458 713 3532 semissis
731 3458 779 3532 ad
805 3459 1004 3556 integrum.
1055 3462 1207 3535 Summa
1238 3467 1336 3538 enim

296 3573 538 3647 terminorum
572 3573 749 3657 omnium,
772 3582 816 3646 ut
844 3572 883 3645 in
900 3572 971 3647 hac
989 3574 1083 3647 serie
1101 3584 1137 3664 0,
1157 3585 1187 3664 l,
1201 3586 1236 3665 2,
1250 3588 1285 3661 3,
1298 3589 1334 3666 4,

297 3686 446 3783 aequalis
463 3696 518 3759 est
534 3685 715 3781 producto
732 3709 778 3758 ex
795 3709 949 3760 numero
966 3689 1207 3762 terminorum
1222 3690 1333 3763 ducto

296 3800 336 3873 in
355 3800 541 3873 semissem
554 3799 734 3872 maximae.
778 3798 907 3895 Itaque
925 3823 1010 3872 cum
1027 3802 1174 3874 termini
1190 3803 1334 3875 hicsiut

297 3913 470 4010 quinque,
488 3923 526 3986 et
543 3911 712 3985 maximae
729 3909 887 3983 semissis
900 3920 935 3999 2,
959 3912 1031 3985 erit
1057 3914 1258 4009 productus
1288 3938 1334 3986 ex

298 4025 373 4099 2in
392 4034 413 4098 5
433 4025 582 4121 aequalis
605 4034 661 4098 10.
712 4025 778 4097 Est
795 4034 920 4097 autem
941 4032 985 4099 10
1000 4049 1141 4099 summa
1158 4025 1333 4098 termino-

298 4161 379 4210 rum
413 4139 586 4211 0mnium.
651 4136 754 4210 Idem
785 4136 1015 4233 contingeret
1041 4138 1080 4211 in
1106 4137 1178 4211 alia
1206 4139 1332 4232 quavis

297 4252 552 4345 progressione
582 4249 814 4325 arithmetica
836 4249 1033 4347 incipiente
1060 4275 1083 4324 a
1111 4251 1260 4346 cyphra‚
1290 4265 1332 4325 ut
