2946 5010
371 444 685 497 numennumen
706 441 950 495 numanum.
968 437 972 447 ·’
1102 427 1175 494 215

460 784 709 836 PROPOSI'HO
730 783 856 834 xv111.

187 935 357 1010 Invenire
374 950 541 1012 centrum
555 937 747 1033 gravitatis
761 935 942 1032 segmenti
956 932 1074 1026 BCB,
1092 957 1180 1008 con·

139 1050 232 1122 tenti
248 1074 338 1122 arcu
355 1051 571 1147 quadrantis
588 1062 626 1123 et
642 1050 818 1123 subtensa
835 1072 942 1122 arcus
958 1046 1041 1121 BC.

189 1163 345 1236 Invento
383 1176 512 1237 centro
553 1162 744 1259 gravitatis
786 1162 963 1257 trianguli
999 1160 1181 1234 rectilinei

140 1272 259 1363 ABG,
294 1277 360 1349 fiat
388 1287 431 1349 ut
463 1286 693 1371 segmentum
727 1273 833 1348 BCB
875 1274 922 1347 ad
956 1273 1181 1370 triangulum

139 1388 258 1476 ABG,
286 1388 341 1460 ita
367 1387 543 1461 distantia
571 1389 669 1460 inter
703 1400 834 1461 centra
866 1387 1059 1483 gravitatis
1090 1410 1181 1483 qua·

139 1501 280 1573 drantis
299 1501 407 1573 ABC
427 1512 464 1574 et
487 1501 661 1596 trianguli
679 1499 788 1573 ABG
806 1501 855 1574 ad
871 1500 992 1574 aliam.
1043 1501 1093 1573 Et
1118 1500 1183 1573 illa

139 1615 290 1687 inventa
305 1627 466 1711 ponatur
482 1640 505 1687 a
522 1627 661 1712 puncto
680 1648 698 1684 ν
716 1638 842 1687 versus
855 1637 982 1687 arcum
995 1612 1034 1687 in
1052 1612 1182 1687 eadem

139 1728 325 1814 rectaAa,
349 1751 480 1824 nempe
499 1751 556 1815 vr,
580 1738 619 1800 et
644 1727 714 1799 erit
734 1752 756 1800 r
781 1738 950 1800 centrum
977 1726 1182 1823 quaesitum.

141 1841 260 1913 Datur
273 1851 398 1911 autem
411 1840 506 1913 ratio
516 1840 643 1912 bilinei
654 1838 750 1914 BOB
761 1839 809 1913 ad
825 1840 1050 1936 triangulum
1065 1839 1183 1930 ABG,

140 1977 272 2048 nempe
291 1953 386 2025 ratio
404 1953 473 2025 FR
490 1951 537 2025 ad
555 1953 631 2041 FE,
652 1964 691 2024 et
716 1965 773 2024 est
798 1967 966 2025 centrum
991 1953 1185 2048 gravitatis

141 2066 322 2161 segmenti
345 2065 452 2138 BCB
482 2067 522 2139 in
550 2078 654 2138 recta
683 2066 755 2155 Aa,
781 2067 820 2139 in
845 2090 918 2162 qua
946 2079 1033 2139 sunt
1058 2078 1186 2140 centra

140 2181 332 2275 gravitatis
374 2193 454 2252 tum
496 2179 671 2276 trianguli
704 2190 783 2253 tum
818 2178 1033 2276 quadrantis
1062 2178 1184 2253 ABG.

142 2294 261 2366 Datur
278 2316 366 2388 ergo
383 2304 561 2388 punctum
579 2317 613 2382 r,
639 2291 676 2364 id
702 2305 770 2381 est,
797 2304 966 2366 centrum
992 2291 1186 2388 gravitatis

143 2406 323 2500 segmenti
359 2403 478 2479 BCB.
543 2405 696 2479 Factum
738 2428 828 2500 ergo
871 2417 938 2494 est,
973 2405 1072 2501 quod
1106 2415 1186 2480 erat

143 2517 365 2591 faciendum.

194 2632 244 2703 B.
271 2630 388 2703 Video
405 2630 517 2704 etiam
535 2629 634 2703 aliud
656 2629 759 2727 sequi
777 2631 872 2705 scitu
885 2654 960 2704 non
981 2631 1187 2726 indignum,

144 2743 329 2832 nimirum,
348 2742 510 2835 planum,
529 2742 629 2838 quod
653 2743 820 2815 nascitur
849 2743 895 2816 ab
923 2744 1188 2840 aggregatione

145 2871 342 2945 rectarum,
357 2879 439 2951 quae
453 2857 611 2950 aequales
631 2868 717 2929 sunt
729 2857 896 2953 partibus
910 2881 1016 2932 arcus
1028 2858 1095 2932 Bc
1105 2880 1189 2955 per-

144 2981 257 3065 petuo
275 2993 297 3041 a
313 2968 430 3041 nihilo
460 2969 710 3041 crescentibus
733 2971 841 3065 juxta
867 2971 1047 3044 rationem
1077 2971 1190 3045 arith·

145 3080 481 3176 meticam,quando
492 3083 728 3179 applicantur
742 3082 940 3156 ordinatim
954 3083 1001 3157 ad
1012 3085 1189 3158 terminos

146 3219 342 3269 curvarum
359 3195 429 3268 sibi
458 3195 666 3292 aequalium,
680 3219 812 3292 nempe
841 3197 914 3286 Bl,
929 3197 1003 3287 Ba,
1016 3198 1088 3286 Β3,
1103 3211 1188 3287 etc„

146 3310 304 3405 aequales
328 3332 406 3381 esse
420 3308 530 3405 plano
553 3308 652 3405 quod
670 3310 834 3382 nascitur
857 3310 903 3382 ab
927 3311 1190 3406 aggregatione

145 3422 291 3494 sinuum
325 3436 512 3495 rectorum
541 3421 743 3494 eorundem
766 3445 929 3510 arcuum,
962 3422 1109 3518 quando
1136 3421 1191 3496 illi

146 3534 247 3607 sinus
258 3534 619 3630 ordinantursinguli
629 3535 677 3607 ad
690 3536 867 3609 terminos
878 3559 1030 3609 arcuum
1040 3560 1191 3610 suorum

145 3647 300 3721 inrecta
316 3673 398 3745 quae
416 3651 464 3722 sit
481 3649 551 3745 ipsi
565 3647 667 3721 arcui
685 3649 752 3722 BC
769 3648 931 3744 aequalis.
974 3649 1072 3723 Nam
1090 3649 1191 3747 quod

146 3773 388 3857 aggregatum
399 3763 545 3835 sinuum
556 3773 742 3834 rectorum
755 3763 919 3835 omnium
932 3763 984 3836 ita
1001 3764 1191 3837 ordinato-

147 3897 229 3946 rum
264 3875 405 3970 aequale
440 3888 497 3949 est
534 3874 716 3972 quadrato
751 3874 856 3962 radii,
891 3874 1191 3952 demonstrarunt

147 3986 302 4061 fortasse
319 3990 454 4085 plures,
473 3988 539 4062 sed
556 3988 696 4061 invenit
714 4000 752 4060 et
770 3988 1036 4063 demonstravit
1051 3991 1192 4085 primus

149 4100 433 4198 Christopherus
451 4103 577 4189 Wren‚
605 4100 841 4175 astronomiae
865 4101 1055 4197 professor
1083 4103 1192 4178 Gres·

148 4218 345 4293 hamensis.

1213 631 1365 676 nlauouus

1217 714 1361 820 L
