2946 5010
476 419 811 472 onomurnnnuu.
1088 405 1162 470 418

122 612 202 662 esse
224 612 300 661 uon
317 598 481 684 possunt,
500 588 566 659 sed
591 588 629 659 iu
655 586 819 682 ipsorum
840 608 993 658 arcuum
1021 584 1163 657 ratione
1218 613 1286 653 car.
1301 613 1331 651 x.

123 701 331 797 inaequales.
382 702 503 773 Etiam
522 712 566 772 ut
590 699 840 795 longitudines
864 698 1061 794 inaequales
1078 722 1164 794 qua·
1207 679 1355 799 ὦ

124 827 231 887 tenus
250 813 497 909 longitudines
515 812 650 885 similes
665 813 750 901 sint,
765 812 867 884 dictu
884 810 1083 884 absurdum
1097 821 1163 884 est.
1207 809 1336 867 ΜΝ·

176 927 367 1000 Hactenus
384 939 538 1024 peccata
555 925 813 999 definitionum
831 924 993 998 Euclidis
1010 925 1169 998 leviora:

127 1064 209 1136 quae
227 1052 363 1129 tamen,
378 1040 410 1112 si
427 1038 759 1112 demonstrationes
773 1037 891 1110 nullas
906 1038 1085 1126 inficiunt,
1100 1059 1168 1131 pro

126 1153 236 1226 nullis
253 1153 468 1225 habeantur.
513 1151 661 1224 Accedo
675 1151 752 1246 jam
771 1149 819 1223 ad
836 1149 1067 1223 definitiones
1085 1151 1168 1222 Ele-

126 1265 244 1339 menti
256 1266 387 1362 quinti,
400 1289 482 1361 quae
495 1265 684 1361 pertinent
701 1264 749 1336 ad
763 1263 969 1336 doctrinam
983 1265 1171 1337 rationum

128 1391 167 1452 et
183 1380 476 1475 proportionum,
494 1377 706 1475 geometria
722 1376 934 1450 medullam.

551 1966 655 2040 CAP.
691 1967 758 2040 XI.

508 2150 563 2202 DE
601 2151 800 2203 RATIONE.

137 2282 274 2354 Pmnn
289 2288 355 2367 est,
367 2301 468 2376 pare
479 2288 536 2351 est
549 2279 768 2378 magnitudo
781 2280 1047 2380 magnitudinis
1057 2284 1179 2355 minor

136 2393 303 2488 majoris,
322 2416 402 2464 cam
415 2392 532 2464 minor
545 2394 693 2466 metitur
710 2395 894 2489 majorem.
948 2396 986 2468 Si
1002 2419 1068 2492 per
1079 2421 1181 2494 par-v

138 2515 211 2579 tem
241 2504 423 2600 intelligat
449 2518 592 2600 partem
623 2506 835 2601 aliquotam,
864 2521 903 2579 et
929 2508 1026 2581 inter
1053 2520 1178 2604 partes

138 2619 319 2714 aliquotas
354 2629 524 2691 numerat
554 2630 686 2708 totum,
717 2620 818 2711 (nam
853 2622 993 2717 aequale
1027 2622 1182 2695 metitur

140 2731 309 2829 aequale),
328 2731 426 2805 bona
442 2744 518 2805 est:
544 2745 583 2806 et
600 2731 728 2806 eadem
746 2732 784 2806 in
800 2733 908 2808 lineis
924 2746 981 2808 est
997 2759 1068 2822 ree,
1078 2759 1183 2833 pars

141 2856 179 2917 et
195 2868 375 2916 menonem

192 2957 368 3030 Definitio
395 2957 526 3030 tertia:
557 2956 672 3031 Ratio
695 2967 751 3030 art
776 2958 934 3032 duarum
955 2961 1184 3059 magnitudi-

141 3093 225 3142 num
255 3069 415 3162 maedam
444 3070 600 3165 generis
633 3080 760 3142 mataa
787 3072 957 3167 quadam
990 3073 1186 3145 secandam

143 3182 392 3277 quantitatem
422 3181 610 3254 habitudo.
663 3182 755 3255 Quis
786 3207 831 3254 ex
861 3184 1074 3257 definitione
1100 3186 1183 3273 hae,

144 3291 277 3364 Latina
291 3293 367 3366 sive
379 3293 518 3381 Graeca,
530 3306 700 3366 naturam
710 3295 862 3367 rationis
874 3297 1184 3393 comprehendere

144 3405 333 3477 intellectu
348 3404 491 3501 potest?
527 3405 627 3479 Quid
641 3406 740 3478 enim
752 3417 807 3478 est
825 3407 988 3503 ejusdem
998 3410 1185 3506 generis?

147 3517 220 3590 Ubi
237 3518 308 3589 hoc
328 3518 366 3590 iu
394 3518 695 3592 antecedentibus
725 3520 946 3616 explicavit?
1000 3522 1099 3596 Quid
1129 3536 1188 3597 est

145 3629 237 3703 illud
255 3630 433 3725 quadam,
452 3631 527 3704 sive
554 3631 611 3724 (ut
634 3632 760 3705 Graece
783 3635 905 3728 sonat)
932 3633 1110 3732 aliqualis
1120 3635 1188 3708 lra-

148 3741 309 3815 titudo?
374 3742 474 3818 Quid
502 3744 661 3840 denique
687 3744 897 3820 habitudo?
958 3747 1088 3844 Neque
1115 3749 1188 3822 boc

147 3879 300 3951 usquam
316 3855 493 3942 delinivit,
510 3880 630 3952 neque
644 3857 903 3953 quantitatem.

200 3968 325 4041 ldeam
342 3969 496 4042 rationis
517 3969 579 4063 (de
590 3993 664 4066 qua
675 3971 746 4043 boe
764 3971 846 4044 loeo
859 3971 1046 4063 Euclides)
1060 3997 1188 4048 omnes

148 4081 349 4177 perfectam
378 4082 529 4155 habent.
581 4083 769 4156 Mercator
797 4084 878 4173 soit,
907 4108 953 4157 ex
984 4088 1189 4181 quantitate

149 4193 290 4267 collatae
307 4218 330 4266 a
347 4217 385 4266 se
402 4195 579 4290 pecuniae,
597 4208 777 4292 quantum
799 4197 935 4270 habere
958 4196 1067 4271 debet
1084 4200 1188 4274 lucri.

148 4306 312 4381 Colonus
329 4331 403 4380 non
421 4308 566 4404 ignorat
584 4320 761 4404 quantum
775 4334 883 4384 usum
894 4311 974 4407 agri
987 4316 1190 4390 communis
