2946 5010
469 437 522 486 nn
542 437 711 489 narona
730 437 866 491 annrs.
1111 426 1179 493 261

195 595 243 671 Β.
272 599 345 673 Sed
368 603 551 697 quomodo
579 617 731 699 possunt
753 604 848 677 ictus
878 605 930 678 illi
958 606 1046 679 satis
1070 606 1184 682 fortes

143 734 223 782 esse
245 713 293 784 ad
320 738 441 788 aerem
467 717 732 803 incutiendum,
750 742 834 790 cum
856 722 981 791 s'uctor
998 719 1082 792 talis
1106 743 1185 793 esse

143 822 275 897 debeat
295 836 338 900 ut
354 839 520 901 ventrem
538 831 758 903 anteriorem
776 831 968 926 adaequate
987 832 1164 927 impleat?

193 938 242 1009 A.
270 939 336 1012 Est
361 941 399 1013 in
431 955 577 1015 suctore
606 943 697 1039 ipso,
715 956 758 1016 ut
780 944 888 1032 nosti,
911 944 1076 1017 foramen
1099 969 1184 1023 cum

142 1050 297 1141 valvula,
329 1078 411 1149 quae
439 1055 593 1141 valvula,
622 1055 710 1129 dum
740 1057 940 1130 retrahitur
968 1070 1105 1149 suctor,
1136 1060 1182 1132 ab

141 1187 226 1236 aere
254 1178 406 1239 externo
431 1167 538 1242 facile
560 1170 736 1265 aperitur.
788 1170 839 1241 At
863 1168 951 1242 dnm
968 1171 1182 1267 impellitur,

141 1278 304 1373 aperitur
320 1280 383 1353 illa
400 1281 545 1354 valvula
562 1306 644 1378 qnae
662 1293 716 1355 est
734 1281 772 1355 in
788 1283 973 1355 ventrium
991 1285 1182 1358 amborum

142 1393 391 1466 commissura.

193 1504 242 1579 Β.
270 1506 423 1580 Memini
450 1507 503 1580 ita
531 1530 621 1580 esse.
673 1507 753 1580 Nec
778 1508 905 1581 dubito
925 1508 1012 1604 quin
1031 1510 1194 1596 effectus

140 1617 237 1690 illius
254 1642 379 1692 veram
391 1621 610 1714 unicamque
628 1644 775 1693 causam
793 1621 996 1709 reddidisti,
1012 1621 1182 1695 eandem·

142 1755 212 1825 que
230 1756 312 1826 quae
331 1734 513 1805 mirabiles
532 1733 613 1805 illos
627 1734 666 1805 in
685 1733 854 1805 machina
867 1745 995 1805 nostra
1008 1735 1183 1808 excitavit

141 1857 262 1917 motus
280 1847 385 1918 aeria.
439 1849 559 1922 Quam
586 1859 709 1919 antem
737 1846 833 1918 illius
860 1847 1011 1920 effectus
1034 1870 1182 1923 causam

141 1959 258 2030 nostri
283 1959 443 2032 reddunt
460 1961 518 2032 vel
541 1960 722 2033 reddituri
750 1973 836 2033 suut
866 1960 1002 2034 nescio.
1056 1960 1182 2034 Redeo

141 2094 266 2146 rursus
288 2073 334 2145 ad
359 2075 608 2171 experimenta
635 2074 814 2146 machinae
837 2085 984 2146 nostrae.
1036 2073 1184 2169 Appen·

143 2183 236 2257 dunt
253 2186 291 2258 in
309 2188 451 2260 bilance
473 2188 519 2261 ad
542 2212 657 2260 unum
685 2186 788 2259 librae
815 2185 1005 2259 brachium
1024 2184 1183 2258 vesicam

142 2298 330 2383 inflatam;
356 2300 403 2373 ad
422 2301 590 2388 alterum,
609 2300 748 2397 plumbi
766 2311 910 2372 tantum
927 2311 970 2372 ut
986 2299 1052 2372 fiat
1069 2298 1183 2394 aequi-

142 2411 311 2484 librium:
339 2426 377 2487 et
398 2413 598 2487 demittunt
615 2414 653 2485 in
677 2413 857 2508 recipiens
879 2412 931 2485 ita
953 2424 997 2484 ut
1022 2409 1183 2506 pendeat

142 2524 188 2595 ab
207 2528 391 2620 operculo.
442 2527 609 2599 Vidimus
632 2540 766 2614 autem,
796 2536 928 2598 eructo
961 2548 1056 2613 aere,
1086 2547 1181 2619 prae-

142 2636 346 2729 ponderare
364 2639 534 2712 vesicam.
586 2639 815 2712 Pouderatur
835 2661 923 2733 ergo
951 2661 1015 2710 aer
1044 2637 1082 2709 in
1099 2636 1181 2709 loco

142 2771 270 2840 vacuo,
285 2764 322 2824 et
340 2776 405 2846 per
423 2776 649 2847 consequens
664 2749 1039 2847 apraeponderatioue
1051 2749 1182 2823 vesicae

143 2864 368 2937 concludunt
384 2866 602 2960 gravitatem
630 2866 707 2961 ejus
732 2888 811 2937 esse
839 2864 1010 2959 aliquam.
1060 2863 1182 2936 Etiam

143 2989 280 3069 quanta
298 2978 359 3050 illa
376 2991 442 3068 est,
461 2979 692 3075 aliquatenus
711 2976 932 3071 intelligunt.

193 3091 241 3162 Α.
270 3091 381 3165 Quod
399 3091 545 3186 quidem
564 3091 660 3179 lanx,
678 3090 716 3161 in
741 3113 814 3184 qua
835 3101 891 3160 est
911 3089 1041 3176 vesica,
1067 3087 1182 3184 magis

144 3201 360 3299 deprimitur
384 3229 492 3300 quarn
517 3203 642 3292 altera,
667 3203 759 3275 certi
784 3225 862 3274 esse
882 3214 1048 3296 possunt,
1068 3200 1183 3273 oculis

143 3317 309 3389 testibus,
362 3318 471 3392 Quod
490 3328 613 3389 autem
631 3315 668 3387 id
686 3315 901 3411 agravitate
915 3313 1009 3385 aeris
1025 3311 1183 3386 naturali

144 3429 289 3516 accidit,
309 3432 400 3503 certi
424 3455 502 3503 esse
523 3454 597 3502 non
623 3440 798 3524 possunt;
825 3426 1027 3523 pracsertim
1052 3424 1082 3496 si
1100 3447 1182 3519 quae

144 3543 192 3614 sit
219 3544 410 3638 gravitatis
440 3567 549 3616 causa
580 3543 750 3630 efficienS,
781 3539 960 3613 nesciunt.
1026 3537 1182 3610 Causam

143 3670 267 3729 autem
285 3657 476 3752 gravitatis
495 3679 689 3751 quamnam
707 3650 923 3748 assignant?

196 3769 244 3841 Β.
271 3769 419 3842 Nullam
437 3769 569 3854 adhuc,
587 3768 651 3841 sed
673 3791 739 3863 per
756 3764 1045 3862 experimentum
1063 3762 1183 3858 ipsum

144 3879 242 3952 illam
264 3893 443 3976 quaerunt.
496 3882 681 3956 Quoniam
707 3890 832 3953 autem
849 3877 982 3964 vesica,
1008 3876 1077 3950 etsi
1107 3898 1184 3949 non

143 3994 413 4090 praeponderat,
449 3993 645 4090 propendit
687 4003 822 4079 tamen,
854 3988 1005 4062 ostende
1032 4001 1184 4084 propter

145 4131 254 4201 quam
273 4131 419 4179 causam
435 4107 642 4203 propendit.

193 4219 240 4292 A.
268 4220 380 4294 Quod
415 4220 546 4310 vesica,
586 4222 661 4292 sive
695 4217 841 4291 follibus
875 4216 951 4288 sive
985 4215 1076 4288 flatu
1111 4213 1184 4287 oris

145 4333 305 4406 distenta
330 4334 390 4422 sit,
418 4333 565 4427 gravior
594 4333 641 4405 sit
665 4356 774 4427 quam
805 4329 933 4404 eadem
961 4329 1082 4402 vesica
1109 4351 1187 4402 nou
1315 4366 1335 4397 ·
