2946 5010
499 422 553 473 nn
571 420 743 475 maruan
762 420 899 474 unare.
1146 408 1220 474 263

176 590 325 687 plenum
344 588 473 663 dicunt
490 588 588 685 quod
605 613 761 662 vacuum
778 598 923 684 putant.
967 588 1128 663 Procedo
1142 591 1219 686 jam

177 702 225 776 ad
250 702 500 799 experimenta
527 703 610 786 alia,
639 715 676 777 et
705 702 874 791 referam,
905 702 1037 799 prime,
1065 727 1108 776 ea
1137 726 1220 799 quae

175 816 254 911 igni
287 814 461 889 accidunt
490 814 631 888 incluso
665 816 704 888 in
738 816 950 912 recipiente.
1021 814 1220 890 Candelam

176 929 366 1002 ardentem
385 928 586 1001 immissam
602 929 641 1001 in
658 929 850 1024 recipiens,
877 941 916 1002 et
940 929 979 1001 in
1000 926 1122 1001 medio
1140 929 1219 1023 ejus

175 1040 410 1137 pendentem,
421 1055 629 1138 postquam,
647 1041 772 1116 clauso
791 1044 870 1138 ejus
888 1041 1040 1131 orificio,
1058 1051 1220 1136 coeptum

176 1165 232 1227 est
246 1166 430 1228 auctorem
442 1156 683 1251 reciprocare,
693 1154 792 1228 intra
805 1155 965 1251 spatium
979 1153 1221 1228 semi-minuti

176 1271 277 1344 horae
294 1270 453 1343 vidimus
470 1272 683 1345 extinctam.

227 1384 277 1457 A.
304 1383 505 1457 Candelam
531 1383 722 1457 ardentem
749 1383 944 1457 demissam
975 1385 1014 1456 in
1041 1382 1221 1471 fodinam,

149 1506 151 1508 ’
175 1494 274 1568 unde
295 1495 476 1569 effodiunt
492 1497 669 1569 carbones
686 1508 838 1585 terreos,
858 1519 1068 1593 quanquam
1093 1495 1222 1569 fodina

176 1632 295 1705 neque
313 1608 436 1683 clausa
453 1621 533 1682 erat
551 1632 670 1704 neque
688 1608 856 1700 obscura,
875 1610 942 1683 sed
964 1622 1006 1683 ut
1029 1610 1068 1681 in
1087 1609 1221 1704 aquula

176 1745 258 1816 quaa
281 1723 320 1795 in
342 1723 458 1796 fundo
483 1734 563 1795 erat
586 1734 775 1819 tamquam
801 1723 839 1797 in
866 1724 1014 1819 speculo
1032 1722 1220 1796 videretur

176 1835 322 1924 coelum,
341 1847 466 1909 tamen
484 1837 562 1907 sine
579 1835 688 1908 ullius
706 1836 864 1910 suctoris
881 1859 994 1932 opera
1016 1834 1219 1924 candelam,

176 1948 339 2043 inquam,
352 1959 550 2043 antequam
568 1948 736 2043 pervenit
753 1947 801 2022 ad
813 1948 971 2021 mediam
985 1946 1220 2021 altitudinem

176 2061 324 2150 fodinae,
347 2063 445 2135 intra
472 2062 632 2158 spatium
660 2063 902 2135 semi-minuti
931 2062 1032 2135 horae
1054 2055 1138 2133 vidi
1157 2084 1221 2134 ex·

176 2174 343 2247 tinctam.

226 2286 273 2362 B.
301 2288 487 2361 Carbones
520 2288 663 2383 ligneos
697 2289 792 2362 bene
826 2312 1000 2362 accensos
1030 2287 1219 2375 demissos

177 2412 220 2472 ut
238 2401 409 2488 diximus,
424 2401 462 2473 iu
481 2401 670 2498 recipiens
684 2401 731 2474 ab
748 2402 854 2475 initio
872 2400 1050 2475 auctionis
1062 2400 1220 2473 vidimus

179 2513 305 2586 statim
321 2514 570 2609 languescere,
589 2524 627 2586 et
644 2526 730 2609 post
755 2514 914 2610 spatium
930 2514 1043 2587 trium
1059 2513 1220 2586 minuto·

177 2649 259 2698 rum
278 2650 352 2698 non
370 2626 534 2722 potuisse
551 2626 675 2722 iguem
691 2626 847 2721 amplius
863 2626 993 2700 videri.

227 2740 277 2811 A.
305 2740 493 2812 Carbones
522 2754 663 2813 terreos
692 2740 787 2812 bene
814 2763 1000 2829 accensos
1030 2738 1220 2828 demissos,

176 2862 219 2924 ut
235 2852 346 2926 modo
365 2851 453 2940 dixi,
471 2853 509 2924 in
528 2851 683 2926 eandem
699 2851 875 2941 fodinam,
894 2852 970 2925 vidi
995 2852 1114 2948 primo
1141 2851 1221 2925 lan·

176 2988 362 3060 gnoscere,
381 2963 514 3038 deinde
533 2965 634 3038 iutra
655 2966 812 3061 spatium
839 2966 952 3038 trium
978 2964 1036 3037 vel
1062 2976 1221 3060 quatuor

176 3078 403 3151 minutorum
438 3101 513 3150 non
547 3078 709 3174 potuisse
739 3079 863 3174 ignem
895 3077 1011 3151 videri
1038 3077 1220 3172 amplius;

177 3203 339 3264 attamen
367 3191 466 3263 intra
491 3190 710 3263 tantundem
735 3190 923 3286 temporis,
951 3213 971 3261 e
1000 3187 1128 3262 fodina
1157 3213 1220 3262 ex-

177 3315 329 3392 tractos,
347 3327 474 3377 rursus
491 3304 694 3399 ignescere.

226 3416 276 3489 B.
303 3417 469 3513 Contigit
504 3416 602 3489 idem
637 3415 856 3489 carbonibus
893 3438 1039 3511 quoque
1069 3415 1218 3500 nostris,

177 3529 338 3602 immisso
357 3553 453 3602 aere.
507 3529 645 3601 Mirum
672 3527 712 3600 ni
737 3527 838 3600 illam
860 3526 1024 3600 fodinam
1047 3526 1220 3602 machina

176 3657 303 3716 nostra
319 3643 495 3716 imitetur.

228 3757 278 3828 A.
306 3755 435 3828 Procul
454 3754 565 3827 dubio
583 3753 762 3842 imitatur,
780 3753 851 3826 nisi
875 3752 974 3849 quod
990 3753 1128 3827 fodinae
1147 3751 1220 3827 illae

177 3892 251 3941 uon
269 3869 369 3942 omni
387 3882 552 3963 tempore
570 3870 863 3964 experimentum
880 3867 1062 3940 exhibent.
1107 3867 1221 3940 Utro-

175 3981 287 4076 bique
306 3983 403 4054 enim
424 3982 609 4056 extinctio
639 3982 734 4077 iguis
756 3980 911 4055 eandem
928 3981 1040 4053 habet
1058 4004 1220 4054 causam.

178 4095 288 4168 Quod
306 4096 358 4168 sic
376 4094 569 4190 intelliges
622 4096 767 4181 Aerem,
799 4117 907 4190 quem
935 4094 972 4165 vi
997 4116 1070 4187 qua
1095 4105 1222 4167 suctor

178 4207 216 4281 in
247 4208 412 4304 cylindro
448 4231 551 4280 aeneo
579 4207 786 4281 retractus*
815 4206 959 4303 ingredi
993 4206 1096 4303 cogit
1125 4207 1222 4279 inter

491 4394 508 4428 ⁴
532 4391 580 4453 Sic
592 4393 670 4452 Edit.
688 4395 760 4452 1661
778 4394 909 4453 et1668.
