2946 5010
293 393 368 476 270
620 412 674 464 nn
695 413 867 467 norunt
886 413 1023 465 nuere.

288 580 427 676 jacenti
449 579 488 652 in
511 579 643 653 arida*
663 592 973 677 superponeretur
1004 581 1093 653 satis
1116 602 1252 676 magna
1279 604 1341 653 co-

292 692 419 765 lumna
435 717 551 789 aquae,
570 718 654 789 quae
679 694 777 767 illius
805 695 950 790 corpori
980 717 1049 767 neo
1068 707 1250 789 praeterea
1276 694 1342 767 ulli

292 805 347 878 rei
363 805 594 896 inniteretur,
612 806 855 903 proculdubio
873 831 896 880 a
913 817 1017 880 tanto
1047 807 1212 902 pondere
1229 807 1340 881 homo

293 928 557 990 contereretur.
610 919 795 992 Caeterum
824 918 943 992 eidem
966 918 1106 992 homini
1132 919 1273 1012 jacenti
1302 919 1341 991 in

291 1030 408 1103 fundo
434 1030 556 1120 moris,
575 1032 755 1105 columnae
779 1031 945 1127 ejusdem
971 1031 1165 1104 innitentis
1195 1029 1340 1125 pondus

291 1166 367 1216 non
385 1143 596 1216 sentiretur.
649 1145 747 1216 Nam
765 1144 867 1218 locus
891 1143 1010 1218 omnis
1027 1143 1066 1216 in
1084 1143 1204 1238 figura
1220 1143 1340 1238 sphae-

291 1256 368 1330 rica
398 1257 574 1346 materiae,
610 1256 846 1352 quantumvis
880 1255 1036 1343 subtilis,
1069 1280 1093 1328 u
1118 1266 1255 1328 conatu
1293 1258 1339 1350 (si

291 1392 400 1465 quem
418 1369 568 1462 habeat)
582 1394 605 1443 a
618 1370 913 1444 circumferentia
927 1370 974 1442 ud
985 1381 1153 1442 centrum
1166 1381 1339 1444 arcuatus

290 1482 368 1557 sive
380 1496 659 1557 concameratus
676 1495 745 1573 est,
763 1484 817 1558 ita
834 1494 968 1557 utnon
984 1483 1100 1579 possit
1116 1505 1237 1569 ruere,
1255 1505 1337 1569 nee,

289 1619 357 1693 per
373 1619 612 1692 consequens
625 1597 664 1670 in
681 1597 825 1670 ruinam
842 1596 923 1669 niti.
969 1595 1013 1667 Id
1030 1593 1131 1690 quod
1146 1592 1338 1689 perspicue

288 1709 359 1783 tibi
388 1709 574 1807 descripte
596 1712 727 1807 figura,
751 1711 783 1783 si
812 1708 908 1782 tanti
933 1731 1015 1781 esse
1039 1717 1158 1802 putuS,
1185 1705 1337 1780 demon·

288 1824 425 1897 strabo.

339 1936 389 2010 B.
415 1937 526 2010 Tanti
543 1961 621 2011 esse
638 1948 741 2032 puto,
794 1936 1015 2008 Demonstro
1033 1955 1134 2028 ergo.

336 2048 384 2123 A.
412 2050 550 2123 Centro
568 2061 677 2124 terrae
695 2051 740 2139 A,
759 2049 862 2122 radio
881 2048 963 2136 AB,
982 2057 1121 2143 quanta
1146 2054 1203 2116 est
1231 2041 1336 2116 semi-

288 2163 467 2237 diameter
483 2165 750 2260 etmosphaerae,
765 2162 994 2237 describatur
1007 2157 1165 2232 circulus
1177 2155 1336 2229 BCDB.

288 2276 417 2373 Sitque
445 2300 531 2372 pars
561 2276 815 2372 atmosphaerae
842 2275 941 2347 intra
970 2284 1088 2347 totam
1111 2270 1233 2366 posita
1257 2271 1337 2344 ubi·

287 2413 433 2485 cunque
452 2388 522 2461 bc:
550 2413 796 2486 superquam
823 2388 971 2462 insistat
998 2385 1169 2459 columna
1199 2395 1337 2456 atmos·

287 2502 449 2598 phaerica
466 2501 578 2596 efhc.
620 2502 713 2574 Dico
732 2502 941 2574 columnam
958 2496 1060 2591 esbc
1076 2520 1151 2569 non
1170 2520 1337 2591 premere

286 2616 468 2711 gravitate
492 2638 558 2687 sua
582 2627 725 2709 partem
744 2615 803 2688 bc.
856 2615 952 2688 Nam
971 2611 1001 2684 si
1019 2610 1164 2705 premit,
1184 2620 1337 2704 propter

286 2728 503 2823 gravitatem
522 2729 658 2824 premit
675 2730 839 2801 meteriae
857 2724 1126 2820 atmosphaerae.
1171 2721 1335 2796 Conatus

287 2841 401 2935 igitur
434 2841 614 2914 columnae
648 2841 749 2937 efbc
782 2857 925 2937 premet
954 2849 1097 2933 partem
1128 2835 1177 2907 bc
1207 2859 1335 2909 versus

287 2967 453 3025 centrum
471 2955 517 3041 A,
536 2953 574 3026 id
598 2966 666 3042 est,
695 2979 761 3049 per
788 2966 908 3027 rectas
926 2951 998 3037 bA,
1018 2951 1088 3037 cA,
1118 2961 1156 3020 et
1182 2959 1334 3022 caeterus

187 3132 191 3140 .
285 3066 535 3139 intermedias.
588 3067 716 3139 Omnis
738 3068 835 3139 enim
857 3077 1010 3139 conatus
1030 3062 1194 3158 corporis
1211 3064 1334 3156 gravis

286 3192 342 3252 est
377 3205 399 3251 a
431 3178 726 3251 circumferentia
756 3181 803 3252 ad
844 3204 929 3253 cen-

285 3305 383 3364 trum
397 3305 506 3365 terrae
520 3292 767 3387 undiquaque.
805 3294 929 3367 Quare

284 3404 342 3495 bc,
385 3430 467 3501 quae
505 3407 623 3500 major
653 3420 709 3478 est
744 3432 853 3501 quam
887 3424 930 3483 ut

282 3520 399 3614 possit
427 3518 649 3591 descendere
677 3519 715 3591 in
746 3522 929 3617 triangulo

283 3629 383 3720 ben,
398 3657 472 3704 non
487 3644 608 3726 potest
623 3631 846 3706 descendere
860 3636 930 3709 nisi

281 3745 395 3820 faciat
412 3759 532 3819 rectas
552 3744 625 3833 bn,
649 3748 709 3818 cA
727 3747 929 3843 divergere,

280 3872 323 3931 ut
353 3861 400 3934 sit
431 3860 661 3932 descensioni
689 3861 803 3935 locus
858 3864 931 3935 Sed

281 3973 362 4045 fieri
380 3973 451 4045 hoc
469 3998 543 4046 non
568 3985 700 4070 potest,
720 3976 806 4070 quia
824 3999 932 4049 cona-

281 4095 341 4156 tus
377 4088 631 4183 atmosphaerae
664 4089 702 4160 in
734 4087 786 4160 db
811 4103 849 4161 et
875 4116 932 4187 gc
1199 4072 1218 4110 ⁰

321 4333 338 4367 ⁴*
363 4333 412 4393 Sic
426 4335 504 4394 Edit.
525 4340 597 4396 1661
615 4348 644 4397 et
661 4341 746 4397 1668.
791 4338 895 4410 Quaere
912 4341 969 4397 “in
985 4343 1094 4400 aridum
1109 4341 1260 4400 terram''?
