2946 5010
450 437 631 491 cuanrro
651 436 843 488 sannam.
1089 421 1156 487 501

125 612 203 675 tum
230 602 275 675 ab
294 603 364 674 Am
390 615 475 677 sunt
501 605 674 701 quinque,
705 604 807 698 (nam
826 603 894 676 Am
919 612 977 675 est
1002 600 1162 674 semissis
1209 625 1293 666 reor·
1308 624 1338 665 x·

124 726 235 788 rectae
253 715 351 810 AO),
375 729 413 790 et
436 717 655 811 quadratum
680 718 727 791 ab
747 716 805 789 Ak
826 725 862 790 4.
915 715 988 789 Sed
1008 714 1065 804 6l,
1084 722 1159 803 5,4
1200 691 1345 729 ψ

125 839 211 900 sunt
240 829 412 903 continue
442 831 734 927 proportionales
761 832 798 903 in
829 829 970 902 ratione
998 836 1019 901 5
1051 826 1099 901 ad
1124 836 1161 900 4.

125 938 220 1012 Nam
235 941 486 1037 multiplicatis
498 944 667 1017 omnibus
677 966 744 1040 per
755 952 791 1031 4,
804 943 899 1014 fiunt
914 942 1074 1033 (ratione
1087 964 1162 1015 non

124 1053 282 1148 mutata)
299 1063 359 1143 25,
373 1064 434 1145 20,
453 1063 509 1145 16,
524 1080 607 1152 quae
624 1066 710 1128 sunt
728 1055 766 1128 in
785 1054 961 1128 continua
977 1054 1120 1128 ratione
1139 1062 1161 1126 5

124 1165 172 1238 ad
189 1175 225 1240 4.

173 1279 294 1352 Etiam
315 1280 546 1371 (intermissis
571 1281 759 1378 quadratis
784 1278 947 1372 alternis)
965 1278 1051 1376 quia
1073 1302 1163 1375 qua-

125 1391 271 1465 dratum
289 1393 334 1465 ab
352 1394 481 1468 Arest
501 1391 534 1486 ἓ
554 1393 722 1490 quadrati
748 1395 795 1468 ab
813 1417 901 1468 arcu
924 1392 999 1483 BC,
1018 1403 1055 1467 et
1072 1417 1164 1490 qua·

124 1504 270 1578 dratum
289 1506 335 1577 ab
353 1505 416 1578 ΑΖ
433 1519 489 1580 est
506 1505 544 1598 {3
561 1506 730 1603 quadrati
753 1508 800 1580 ab
818 1506 895 1594 Ac,
913 1505 983 1579 erit
1005 1506 1163 1604 quadra-

125 1628 204 1688 tum
222 1618 268 1689 ab
289 1616 352 1690 Ac
368 1618 416 1692 ad
435 1619 655 1714 quadratum
678 1620 724 1693 ab
742 1619 817 1709 AZ,
834 1630 876 1692 ut
901 1627 949 1691 25
973 1618 1021 1691 ad
1049 1627 1105 1707 16,
1123 1618 1162 1692 id

124 1741 192 1816 est,
211 1731 248 1801 in
268 1728 455 1825 duplicata
471 1733 613 1805 ratione
631 1739 654 1803 5
673 1732 721 1805 ad
738 1740 774 1805 4.
825 1729 979 1819 Deinde,
997 1729 1084 1826 quia
1099 1731 1163 1803 ΑΖ

124 1853 179 1914 est
196 1842 345 1938 aequalis
371 1845 511 1917 semissi
530 1868 636 1918 arcus
654 1844 728 1933 BC,
747 1843 966 1940 quadratum
988 1846 1067 1941 ejus
1093 1845 1164 1917 erit

125 1967 256 2051 quarta
277 1979 362 2052 pars
386 1957 556 2052 quadrati
583 1959 736 2031 abaron
759 1957 833 2044 BC,
857 1956 896 2031 id
920 1967 987 2046 est,
1005 1980 1163 2053 quorum

125 2067 344 2164 quadratum
368 2068 416 2142 ab
440 2093 529 2143 arcu
556 2069 618 2144 Bc
642 2083 698 2142 est
716 2079 777 2159 25,
799 2093 925 2143 eorum
943 2070 1163 2166 quadratum

123 2182 171 2254 ab
189 2180 251 2253 ΑΖ
269 2193 326 2256 est
342 2183 397 2264 dl.
451 2182 549 2257 Quia
572 2195 698 2256 autem
715 2183 935 2279 quadratum
958 2184 1088 2258 abac
1106 2197 1164 2258 est

123 2292 147 2384 Ξ
170 2293 334 2389 ejusdem
351 2295 519 2392 quadrati
538 2297 585 2369 ab
602 2320 690 2369 arou
709 2295 783 2386 BC,
801 2295 1023 2392 quadratum
1042 2297 1089 2370 ab
1104 2297 1162 2370 tn

122 2407 192 2479 erit
208 2404 263 2499 -ζῖ,
317 2407 391 2482 Sed
416 2408 635 2504 quadratum
661 2410 708 2483 ab
726 2408 769 2482 eb
792 2420 848 2482 est
872 2407 915 2501 ξ.
967 2410 1034 2483 Est
1060 2434 1162 2507 ergo,

123 2543 260 2609 rursuS,
279 2521 498 2617 quadratum
517 2523 563 2595 ab
581 2522 644 2595 AZ
662 2522 709 2596 ad
722 2521 942 2620 quadratum
959 2524 1006 2596 ab
1023 2523 1068 2597 eb
1085 2525 1161 2597 sive

124 2634 178 2704 Ae
194 2634 230 2705 in
250 2632 435 2729 duplicata
451 2635 595 2708 ratione
615 2643 636 2708 5
654 2635 701 2708 ad
719 2644 755 2708 4.
790 2635 887 2709 Nam
904 2644 962 2727 64,
982 2645 1017 2726 5,
1033 2645 1055 2709 4
1075 2648 1162 2710 suut

122 2746 297 2818 continue
313 2747 614 2844 proportionales.

173 2859 297 2934 Quare
314 2861 474 2934 calculus
488 2859 738 2934 arithmeticus
752 2859 1055 2935 demonstrationi
1071 2886 1160 2959 geo-

123 2973 286 3047 metricae
302 2974 467 3070 proxime
482 2973 707 3070 praecedenti
725 2997 800 3047 uon
818 2987 1009 3070 repugnat.

174 3086 242 3158 Est
272 3100 396 3161 tamen
430 3087 590 3160 calculus
625 3088 718 3160 alius
752 3087 1017 3176 arithmeticus,
1049 3089 1161 3161 etiam

123 3220 242 3285 verus,
260 3199 321 3293 qui
340 3211 531 3295 repugnat,
558 3199 908 3271 demonstrationem
934 3210 1059 3272 tamen
1085 3224 1160 3273 non

123 3310 290 3383 destruit.
341 3310 512 3384 Procedit
536 3324 659 3384 autem
677 3309 839 3383 calculus
856 3333 962 3407 quem
982 3311 1077 3397 dico,
1093 3334 1161 3408 per

125 3421 311 3519 Regulam
328 3422 502 3495 Auream.

173 3535 338 3631 Exempli
365 3559 498 3608 causa:
525 3547 714 3608 ostensum
739 3546 795 3608 est
821 3535 1042 3631 quadratum
1057 3560 1081 3610 a
1098 3536 1160 3612 CG

123 3647 262 3743 aequole
276 3671 355 3721 esse
379 3657 421 3723 10
435 3647 624 3746 quadratis
642 3673 665 3722 a
681 3648 810 3744 quinta
827 3660 932 3746 parte
949 3673 1055 3723 arcus
1073 3649 1159 3732 BC;

123 3774 162 3833 et
186 3773 325 3834 rectam
342 3762 414 3836 ΑΟ
431 3761 578 3858 duplam
603 3784 681 3836 esse
713 3775 824 3836 rectae
842 3763 918 3846 Ae3
945 3773 982 3834 et
1004 3761 1160 3858 quadra-

123 3887 202 3947 tum
220 3876 266 3947 ab
285 3876 339 3948 Ae
356 3875 495 3971 aequale
523 3899 601 3948 esse
619 3879 642 3948 4
660 3875 848 3972 quadratis
866 3900 889 3948 a
906 3876 1036 3971 quinta
1054 3886 1160 3972 parte

123 4012 229 4060 arcus
252 3988 338 4071 BC;
365 4002 402 4060 et
428 3987 581 4084 proinde
612 3988 831 4085 quadratum
854 3989 900 4061 ab
929 3989 1000 4063 ΑΟ
1023 3987 1162 4083 aequale

124 4124 204 4174 esse
235 4109 278 4174 16
312 4100 499 4197 quadratis
528 4125 552 4174 a
580 4103 710 4196 quinta
737 4113 843 4197 parte
873 4124 980 4173 arcus
1008 4101 1098 4185 1303
1125 4112 1164 4172 et

122 4214 341 4311 quadratum
376 4215 422 4287 ab
456 4214 527 4288 ΥΩ
561 4214 701 4311 aequale
735 4237 813 4288 esse
841 4223 865 4288 8
896 4212 1082 4310 quadratis
1115 4214 1162 4286 ab
