2946 5010
359 446 673 498 mnruumnrrcre
694 446 940 499 uonvuunns.
1122 427 1171 507 77

126 614 271 689 diversa
300 623 355 686 est
385 614 465 687 haec
500 612 669 686 Euclidis.
722 613 962 686 Manifestum
992 610 1090 682 enim
1116 622 1173 682 est
1209 638 1360 680 unrocus

126 728 217 800 duas
242 726 423 823 quaslibet
449 726 665 799 velocitates
689 725 847 800 duorum
872 749 1068 822 corporum
1094 749 1173 796 mo·
1213 721 1356 825 „L

124 851 260 928 torum,
287 839 424 912 habere
451 840 550 912 inter
574 863 613 912 se
636 852 777 913 certam
801 840 961 935 aliquam
979 839 1188 927 rationem„

124 951 344 1048 etquidem,
369 951 457 1025 dum
475 953 689 1027 velocitates
715 954 787 1027 illse
807 954 946 1027 eaedem
965 963 1062 1041 sunt,
1087 976 1174 1025 ean-

125 1066 223 1140 dem.
282 1065 524 1139 Velocilotens
545 1080 670 1140 autem
695 1068 823 1141 definit
842 1066 1026 1154 Hobbius,
1042 1075 1173 1164 poten·

124 1179 219 1252 tiam
236 1202 318 1252 esse
334 1179 480 1252 mobilis
502 1181 540 1253 in
558 1189 720 1277 tempore
738 1180 983 1253 determinato
1001 1178 1175 1251 determi-

123 1301 254 1364 natam
271 1290 533 1389 lingiluclinem
544 1292 779 1390 permeandi.
831 1293 886 1366 Ex
901 1294 958 1366 his
971 1292 1174 1366 manifestis

123 1403 402 1500 generationem
414 1404 556 1501 colligit
566 1404 733 1501 ejusdem
745 1405 919 1482 rationis.
951 1404 1052 1477 Dicit
1063 1405 1173 1495 enim,

123 1516 162 1591 si
178 1516 250 1589 duo
268 1516 431 1605 mobilia,
447 1526 641 1613 utrumqne
658 1517 853 1589 uelocitate
871 1517 1071 1607 invariata,
1082 1543 1175 1615 per-

123 1639 283 1702 currant
299 1629 393 1702 dnos
411 1628 664 1726 longitudines
680 1638 845 1727 ternpore
861 1629 997 1711 coelem,
1015 1655 1083 1702 eos
1100 1630 1175 1702 lon-

121 1741 319 1838 gitudines
345 1743 528 1815 rationem
550 1741 688 1814 labere
712 1743 811 1815 inter
832 1768 873 1815 se
897 1742 1051 1815 condem
1070 1769 1176 1839 quoin

123 1853 262 1928 halent
284 1855 497 1928 velocitates
521 1856 639 1953 ipsae:
666 1866 702 1928 et
721 1880 858 1945 rursus,
881 1856 1007 1929 sisino
1024 1855 1176 1929 mobilia

124 1977 316 2065 utrumque
344 1969 472 2042 codem
502 1969 694 2042 invariato
725 1969 921 2042 uelocitate
946 1979 1176 2067 percurrunt

124 2080 223 2154 duos
257 2081 521 2181 longitudines,
555 2082 691 2155 labore
724 2107 789 2154 eos
823 2083 974 2155 condem
1008 2083 1107 2154 inlev·
1133 2107 1176 2153 se

124 2194 319 2284 rationem,
349 2219 458 2292 qnam
482 2193 616 2268 labent
643 2195 742 2267 inter
771 2221 813 2268 se
845 2205 1014 2292 tempora
1040 2194 1174 2292 quibus

119 2317 411 2406 percurruntur.
465 2308 608 2383 Quibus
639 2310 780 2406 positis,
813 2310 887 2382 sint
918 2308 991 2381 duo
1023 2309 1175 2382 mobilia

126 2419 176 2493 sd
199 2432 379 2518 punctum
396 2422 441 2510 A,
468 2434 756 2518 moveanturque
783 2447 906 2519 aequs-
1021 2479 1041 2517 n
1110 2432 1128 2470 ¹³

123 2532 192 2606 bili
225 2534 421 2608 velocitate
461 2559 528 2631 per
564 2535 652 2623 AB,
690 2536 779 2609 Ac,
859 2537 907 2609 Et
923 2496 1128 2658 Δ

124 2645 358 2720 velocitatem
375 2647 524 2743 quidem
541 2649 649 2721 unius
669 2660 908 2745 repraesentet
928 2677 947 2713 A
1020 2676 1036 2712 a
1112 2676 1127 2710 v

126 2758 211 2842 AB,
236 2760 471 2833 velocitatem
498 2774 622 2834 autem
648 2763 799 2836 alterius
825 2774 1064 2859 repraesentet
1090 2761 1172 2834 Ac.

127 2870 287 2945 Venient
300 2896 389 2969 ergo
403 2873 559 2948 alterum
573 2874 621 2947 ad
637 2875 678 2961 B,
697 2875 853 2948 alterum
868 2876 916 2949 ad
930 2876 972 2965 C,
990 2877 1027 2948 in
1042 2873 1174 2948 eodem

127 2996 295 3080 tempore
313 2987 395 3075 AC,
417 3001 614 3084 propterea
632 2987 731 3083 quod
752 2989 964 3062 velocitates
982 2990 1173 3062 amborum

127 3099 423 3173 determinantur
439 3125 505 3198 per
522 3102 640 3197 spatia
658 3125 740 3197 quae
758 3101 887 3175 eodem
909 3113 1074 3197 tempore
1091 3125 1174 3197 per-

127 3228 295 3287 currunt.
339 3213 528 3302 Similiter,
543 3214 574 3286 si
588 3214 624 3286 in
639 3226 744 3311 parte
758 3216 935 3311 temporis
948 3214 1030 3303 AC,
1044 3213 1176 3287 iisdem

127 3326 282 3399 servatis
296 3327 566 3416 velocitatibuS,
581 3328 736 3400 alterum
751 3329 876 3401 veniat
892 3328 940 3400 ad
953 3328 1000 3416 D,
1018 3326 1176 3399 alterum

126 3439 174 3514 ad
192 3441 236 3530 Ε,
264 3463 390 3515 rursus
418 3451 527 3514 erunt
554 3441 674 3538 spatia
701 3465 877 3538 percursa
893 3442 967 3514 AD
993 3451 1030 3513 et
1046 3439 1117 3511 ΑΕ
1134 3447 1177 3511 ut

126 3552 344 3628 velocitates
361 3554 512 3642 eaedem,
541 3553 580 3627 id
597 3565 665 3642 est,
686 3566 730 3627 ut
746 3557 819 3629 AB
840 3555 886 3629 ad
905 3555 985 3628 Ac.
1035 3551 1175 3624 Eodem

126 3666 252 3757 modo,
270 3667 302 3741 si
318 3666 453 3740 mobile
476 3665 574 3738 idem
593 3668 717 3740 veniat
739 3668 788 3741 ad
806 3669 836 3741 B
854 3668 1074 3762 intempore
1092 3663 1177 3753 Au·

125 3780 251 3853 veniet
279 3778 327 3852 ad
351 3780 385 3853 D
409 3779 449 3851 in
472 3791 577 3875 parte
602 3779 699 3854 illius
717 3782 905 3876 temporis,
928 3789 1018 3876 puta
1035 3778 1074 3849 in
1091 3776 1176 3867 AE,

126 3916 211 3988 quae
228 3892 278 3965 sit
295 3892 414 3988 spatio
435 3892 509 3965 AD
526 3891 736 3987 homologa.
787 3893 867 3964 Nec
884 3902 1030 3964 tantum
1047 3913 1175 3963 verum

125 4004 198 4078 hoc
216 4004 331 4078 estin
350 4017 463 4094 motu,
488 4004 555 4078 sed
579 4004 689 4077 etiam
712 4005 750 4075 in
774 4004 874 4076 omni
895 4027 1029 4100 genere
1048 4027 1175 4077 eausa-

126 4117 252 4207 tiouiS‚
287 4118 352 4191 ubi
387 4143 496 4192 causa
524 4117 726 4212 aeqnalibus
760 4117 987 4212 temporibus
1020 4117 1177 4213 aequalia

126 4254 273 4328 semper
292 4230 415 4302 efficit.
456 4231 586 4324 Itaque
610 4230 762 4302 condem
785 4229 965 4302 rationem
985 4229 1081 4326 (cap.
1097 4231 1176 4303 xiii.

126 4357 193 4420 art.
206 4353 244 4436 6,
264 4343 352 4417 libri
367 4364 421 4416 uu
435 4349 644 4437 conpone)
662 4344 715 4418 sic
734 4343 925 4417 definivit:
952 4343 1066 4417 Ratio
1082 4367 1174 4441 geo-
