2946 5010
475 448 808 504 ouonrurannunr.
1082 432 1157 513 ⁴37

174 612 215 686 Si
247 611 384 687 fuerint
412 626 646 712 quotcunque
680 615 953 713 magnitudines
986 616 1158 691 continue
1191 641 1346 686 onnxvn

122 727 424 824 proportionales,
438 751 592 823 quarum
608 730 727 825 prima
743 742 801 802 est
816 729 999 815 maxima;
1018 743 1156 827 quanto
1185 709 1345 828 ὦ

122 840 240 935 prima
257 838 304 913 ad
320 840 430 913 aliam
447 863 521 914 ase
538 843 771 916 remotiorem
785 866 894 938 quam
911 856 968 916 est
979 844 1157 940 proxima,
1184 836 1353 946 gffffl*

122 952 299 1048 majorem
316 953 493 1025 rationem
505 953 616 1027 babet
626 978 736 1051 quam
749 954 796 1028 ad
810 956 927 1052 ipsam
937 955 1157 1052 proximam:

122 1077 227 1139 tauto
245 1066 283 1138 in
300 1065 429 1139 iisdem
447 1066 773 1163 magnitudinibus,
786 1068 931 1141 inverso
945 1068 1075 1142 ordine
1087 1070 1158 1143 col·

122 1177 264 1268 locatis,
289 1178 440 1251 minima
465 1181 643 1276 majorem
670 1180 850 1253 rationem
876 1180 989 1254 habet
1015 1181 1063 1254 ad
1092 1181 1161 1255 sibi

122 1293 340 1386 proximam,
358 1315 468 1388 quam
485 1292 533 1366 ad
550 1293 784 1369 remotiorem
802 1293 841 1366 in
866 1292 994 1366 eadem
1022 1293 1161 1368 distan-

122 1404 188 1478 tia.
239 1405 408 1501 Exempli
435 1405 573 1501 gratia:
599 1408 638 1479 in
663 1406 722 1481 his
749 1405 1074 1502 magnitudinibus,
1100 1414 1160 1481 81.

123 1523 326 1606 27.9.3.1,
344 1528 483 1612 quanto
515 1519 632 1613 major
656 1529 713 1593 est
739 1519 833 1593 ratio
861 1526 904 1592 81
934 1519 984 1593 ad
1010 1528 1161 1615 3quam

123 1630 218 1703 ratio
236 1637 279 1703 81
301 1628 351 1701 ad
374 1633 435 1719 27,
453 1639 558 1703 tanto
575 1631 693 1727 major
710 1642 764 1705 est
792 1631 886 1705 ratio
908 1641 922 1705 l
944 1630 992 1704 ad
1010 1640 1033 1705 3
1051 1655 1161 1728 quam

123 1742 218 1814 ratio
240 1750 254 1815 l
276 1741 325 1815 ad
341 1747 389 1825 27
405 1771 414 1814 :
433 1766 642 1840 quanquam
658 1756 856 1841 geometrae
870 1744 933 1840 qui
951 1768 1051 1819 nunc
1063 1750 1162 1836 sunt,

124 1851 163 1925 id
181 1877 256 1927 non
273 1854 490 1929 concedant.

174 1965 248 2039 Sed
266 1991 311 2040 ex
327 1967 373 2041 iis
389 1992 473 2065 quae
495 1969 674 2044 hactenus
698 1970 798 2045 dicta
817 1981 914 2060 sunt,
933 1981 1079 2045 constat
1095 1994 1161 2045 na-

124 2088 245 2151 turam
263 2080 414 2154 rationis
437 2104 484 2154 ne
501 2082 646 2156 Euclidi
663 2082 811 2179 quidem
828 2086 974 2179 penitus
991 2107 1160 2180 perspec-

124 2204 201 2264 tam
216 2193 346 2278 fuisse;
364 2194 479 2268 multo
492 2208 615 2269 autem
630 2196 749 2269 minus
766 2196 910 2280 clavim
927 2196 993 2269 sed
1011 2197 1160 2271 minime

125 2306 289 2379 omnium
323 2307 406 2396 illis,
438 2308 501 2404 qui
537 2332 637 2382 nunc
669 2308 876 2406 algebristae
909 2309 1159 2405 perhibentur.

124 2418 222 2492 Nam
239 2419 289 2509 hi,
307 2444 329 2493 a
348 2420 475 2494 Clario
489 2421 590 2495 docti
607 2420 920 2496 denominatorem
936 2422 1089 2496 rationis
1106 2423 1159 2496 in·

125 2532 247 2605 dicare
265 2534 379 2629 ipsius
397 2535 652 2631 quantitatem,
674 2536 732 2630 (ut
747 2545 784 2621 4,
800 2535 876 2610 sive
891 2533 934 2628 -ζ,
948 2535 1162 2610 denominat

124 2645 334 2742 indicatque
347 2647 590 2743 quantitatem
607 2647 759 2722 rationis
776 2656 799 2722 4
817 2649 865 2723 ad
883 2659 914 2739 l,
928 2661 966 2723 et
982 2647 1002 2728 ξ
1021 2649 1161 2723 indicat

125 2759 304 2833 rationem
329 2769 352 2834 2
381 2758 428 2833 ad
452 2769 494 2834 3:
521 2771 606 2834 sunt
632 2774 756 2835 autem
783 2762 837 2835 illi
865 2762 1160 2838 denominatores

124 2872 215 2947 nibil
232 2873 333 2947 aliud
349 2886 485 2969 praeter
502 2874 709 2970 quotientes
726 2885 831 2949 natas
844 2900 891 2949 ex
907 2875 1084 2951 divisione
1095 2900 1160 2950 nu-

124 2987 216 3061 meri
233 3011 299 3082 per
315 2989 533 3082 numerum),
552 3000 690 3061 temere
708 2989 943 3084 arripuerunt
963 2990 1066 3084 quasi
1083 3012 1161 3061 rem

125 3098 422 3189 demonstratam,
426 3100 658 3196 fractionem
670 3111 708 3175 et
721 3103 904 3176 rationem
914 3102 1067 3176 eandem
1078 3126 1161 3176 esse

125 3235 215 3300 rem,
233 3236 364 3309 nempe
381 3213 626 3309 quantitatem
643 3214 847 3287 absolutam
864 3226 902 3288 et
918 3214 1161 3311 quantitatem

126 3325 437 3419 comparativam
464 3349 546 3421 quae
576 3328 836 3423 comparativa,
866 3325 1049 3422 quantitas
1083 3350 1162 3400 om-

125 3437 213 3509 nino
232 3460 307 3510 non
325 3447 382 3510 est
398 3437 468 3510 nisi
486 3450 654 3534 respectu
669 3439 716 3512 ad
728 3440 835 3512 aliam
849 3440 1039 3513 rationem.
1091 3439 1161 3513 Ra·

126 3550 236 3623 tionis
267 3551 365 3625 enim
394 3551 647 3647 magnitudino
681 3577 756 3627 non
792 3552 1058 3626 determinatur
1092 3577 1161 3627 nec

126 3664 321 3759 exponitur
343 3687 409 3760 per
435 3687 546 3738 uuam
572 3666 718 3751 lineam,
735 3665 830 3740 sicut
847 3667 1033 3762 quantitas
1056 3667 1161 3740 abso-

125 3776 214 3865 luta,
233 3777 298 3850 sed
314 3801 381 3873 per
405 3776 506 3852 duas.
557 3779 680 3877 Atque
697 3779 743 3852 ab
766 3780 837 3852 boc
861 3802 985 3853 errore
1013 3791 1069 3853 tot
1096 3780 1161 3852 ab·

125 3889 236 3962 surda
266 3901 492 3986 consequuta
525 3904 622 3979 sunt,
649 3904 692 3966 ut
719 3893 781 3965 vix
815 3917 950 3989 magno
977 3892 1161 3966 volumine

125 4002 317 4076 commode
334 4003 515 4076 contineri
537 4004 697 4100 possint:
724 4028 879 4101 quorum
896 4006 1082 4101 praecipua
1104 4006 1161 4078 in-

125 4117 183 4190 fra
204 4116 330 4214 paucis
352 4115 673 4206 considerabimus,
698 4141 772 4191 una
800 4142 882 4191 cum
910 4117 990 4191 aliis
1007 4142 1089 4214 quae
1115 4141 1162 4191 ex

126 4230 205 4304 aliis
223 4228 410 4327 principiis
426 4229 527 4304 falsis
544 4230 582 4304 in
599 4242 870 4327 geometrarum
887 4231 1023 4328 scripta
1045 4232 1159 4329 irrep

128 4353 265 4418 serunt.
