<?xml version="1.0" encoding="UTF-8"?>
<!DOCTYPE html PUBLIC "-//W3C//DTD XHTML 1.0 Transitional//EN"
    "http://www.w3.org/TR/xhtml1/DTD/xhtml1-transitional.dtd">
<html xmlns="http://www.w3.org/1999/xhtml" xml:lang="en" lang="en">
 <head>
  <title>
</title>
<meta http-equiv="Content-Type" content="text/html;charset=utf-8" />
  <meta name='ocr-system' content='tesseract 3.04.00' />
  <meta name='ocr-capabilities' content='ocr_page ocr_carea ocr_par ocr_line ocrx_word'/>
</head>
<body>
  <div class='ocr_page' id='page_1' title='image "./thomhobbesmalme01hobbgoog_0258.png"; bbox 0 0 2946 5010; ppageno 0'>
   <div class='ocr_carea' id='block_1_1' title="bbox 499 402 1217 482">
    <p class='ocr_par' dir='ltr' id='par_1_1' title="bbox 499 402 1217 482">
     <span class='ocr_line' id='line_1_1' title="bbox 499 402 1217 482; baseline 0.001 -13"><span class='ocrx_word' id='word_1_1' title='bbox 499 418 553 469; x_wconf 85' lang='lat' dir='ltr'>un</span> <span class='ocrx_word' id='word_1_2' title='bbox 573 417 743 471; x_wconf 76' lang='lat' dir='ltr'>NATURA</span> <span class='ocrx_word' id='word_1_3' title='bbox 762 417 901 470; x_wconf 78' lang='lat' dir='ltr'>ansts.</span> <span class='ocrx_word' id='word_1_4' title='bbox 1144 402 1217 482; x_wconf 81' lang='lat'>247</span> 
     </span>
    </p>
   </div>
   <div class='ocr_carea' id='block_1_2' title="bbox 176 579 1226 3957">
    <p class='ocr_par' dir='ltr' id='par_1_2' title="bbox 176 579 1221 2599">
     <span class='ocr_line' id='line_1_2' title="bbox 177 579 1219 678; baseline 0.006 -25"><span class='ocrx_word' id='word_1_5' title='bbox 177 605 221 653; x_wconf 85' lang='lat' dir='ltr'>ea</span> <span class='ocrx_word' id='word_1_6' title='bbox 236 590 369 654; x_wconf 86' lang='lat' dir='ltr'>natura</span> <span class='ocrx_word' id='word_1_7' title='bbox 384 579 559 677; x_wconf 90' lang='lat' dir='ltr'>praeditis,</span> <span class='ocrx_word' id='word_1_8' title='bbox 577 594 619 654; x_wconf 91' lang='lat' dir='ltr'>ut</span> <span class='ocrx_word' id='word_1_9' title='bbox 635 581 800 678; x_wconf 90' lang='lat' dir='ltr'>pondere</span> <span class='ocrx_word' id='word_1_10' title='bbox 821 581 1066 656; x_wconf 91' lang='lat' dir='ltr'>incumbentis</span> <span class='ocrx_word' id='word_1_11' title='bbox 1084 594 1219 659; x_wconf 90' lang='lat' dir='ltr'>atmos-</span> 
     </span>
     <span class='ocr_line' id='line_1_3' title="bbox 176 694 1220 791; baseline 0.005 -25"><span class='ocrx_word' id='word_1_12' title='bbox 176 694 312 790; x_wconf 82' lang='lat' dir='ltr'>phaerae</span> <span class='ocrx_word' id='word_1_13' title='bbox 329 718 548 790; x_wconf 88' lang='lat' dir='ltr'>compressae</span> <span class='ocrx_word' id='word_1_14' title='bbox 566 707 748 768; x_wconf 89' lang='lat' dir='ltr'>conentur</span> <span class='ocrx_word' id='word_1_15' title='bbox 762 708 941 791; x_wconf 84' lang='lat' dir='ltr'>quantum</span> <span class='ocrx_word' id='word_1_16' title='bbox 958 707 1114 791; x_wconf 84' lang='lat' dir='ltr'>possunt</span> <span class='ocrx_word' id='word_1_17' title='bbox 1131 722 1220 771; x_wconf 88' lang='lat' dir='ltr'>con-</span> 
     </span>
     <span class='ocr_line' id='line_1_4' title="bbox 176 807 1219 906; baseline 0.003 -26"><span class='ocrx_word' id='word_1_18' title='bbox 176 807 387 883; x_wconf 86' lang='lat' dir='ltr'>tranitendo</span> <span class='ocrx_word' id='word_1_19' title='bbox 406 809 625 906; x_wconf 84' lang='lat' dir='ltr'><strong>simulatque</strong></span> <span class='ocrx_word' id='word_1_20' title='bbox 643 808 862 904; x_wconf 89' lang='lat' dir='ltr'>corpuscula</span> <span class='ocrx_word' id='word_1_21' title='bbox 884 808 947 882; x_wconf 87' lang='lat' dir='ltr'>illa</span> <span class='ocrx_word' id='word_1_22' title='bbox 971 821 1219 900; x_wconf 86' lang='lat' dir='ltr'><strong>removentur,</strong></span> 
     </span>
     <span class='ocr_line' id='line_1_5' title="bbox 176 921 1220 1021; baseline 0.005 -28"><span class='ocrx_word' id='word_1_23' title='bbox 176 921 234 993; x_wconf 89' lang='lat' dir='ltr'>vel</span> <span class='ocrx_word' id='word_1_24' title='bbox 258 946 475 1018; x_wconf 89' lang='lat' dir='ltr'>quacunque</span> <span class='ocrx_word' id='word_1_25' title='bbox 498 922 544 995; x_wconf 94' lang='lat' dir='ltr'>de</span> <span class='ocrx_word' id='word_1_26' title='bbox 565 947 676 995; x_wconf 85' lang='lat' dir='ltr'>causa</span> <span class='ocrx_word' id='word_1_27' title='bbox 699 922 848 1013; x_wconf 89' lang='lat' dir='ltr'>cedunt,</span> <span class='ocrx_word' id='word_1_28' title='bbox 875 945 955 996; x_wconf 92' lang='lat' dir='ltr'>sese</span> <span class='ocrx_word' id='word_1_29' title='bbox 985 948 1008 996; x_wconf 89' lang='lat' dir='ltr'>a</span> <span class='ocrx_word' id='word_1_30' title='bbox 1035 948 1220 1021; x_wconf 89' lang='lat' dir='ltr'>compres-</span> 
     </span>
     <span class='ocr_line' id='line_1_6' title="bbox 177 1034 1220 1134; baseline 0.004 -27"><span class='ocrx_word' id='word_1_31' title='bbox 177 1034 279 1107; x_wconf 88' lang='lat' dir='ltr'>sione</span> <span class='ocrx_word' id='word_1_32' title='bbox 296 1035 463 1108; x_wconf 88' lang='lat' dir='ltr'>liberare.</span> <span class='ocrx_word' id='word_1_33' title='bbox 517 1036 748 1131; x_wconf 85' lang='lat' dir='ltr'>Intelligetur</span> <span class='ocrx_word' id='word_1_34' title='bbox 773 1048 896 1109; x_wconf 89' lang='lat' dir='ltr'>autem</span> <span class='ocrx_word' id='word_1_35' title='bbox 914 1036 1045 1110; x_wconf 86' lang='lat' dir='ltr'>melius</span> <span class='ocrx_word' id='word_1_36' title='bbox 1063 1037 1101 1110; x_wconf 94' lang='lat' dir='ltr'>id</span> <span class='ocrx_word' id='word_1_37' title='bbox 1119 1038 1220 1134; x_wconf 93' lang='lat' dir='ltr'>quod</span> 
     </span>
     <span class='ocr_line' id='line_1_7' title="bbox 178 1146 1220 1247; baseline 0.005 -29"><span class='ocrx_word' id='word_1_38' title='bbox 178 1146 344 1237; x_wconf 87' lang='lat' dir='ltr'>dicimus,</span> <span class='ocrx_word' id='word_1_39' title='bbox 380 1150 411 1221; x_wconf 91' lang='lat' dir='ltr'>si</span> <span class='ocrx_word' id='word_1_40' title='bbox 444 1150 629 1244; x_wconf 85' lang='lat' dir='ltr'>concipias</span> <span class='ocrx_word' id='word_1_41' title='bbox 660 1173 782 1222; x_wconf 89' lang='lat' dir='ltr'>aerem</span> <span class='ocrx_word' id='word_1_42' title='bbox 815 1149 915 1221; x_wconf 93' lang='lat' dir='ltr'>hunc</span> <span class='ocrx_word' id='word_1_43' title='bbox 941 1173 1055 1247; x_wconf 85' lang='lat' dir='ltr'>prope</span> <span class='ocrx_word' id='word_1_44' title='bbox 1082 1161 1220 1224; x_wconf 85' lang='lat' dir='ltr'>terram</span> 
     </span>
     <span class='ocr_line' id='line_1_8' title="bbox 178 1262 1220 1360; baseline 0.005 -27"><span class='ocrx_word' id='word_1_45' title='bbox 178 1262 280 1356; x_wconf 88' lang='lat' dir='ltr'>quasi</span> <span class='ocrx_word' id='word_1_46' title='bbox 298 1263 485 1335; x_wconf 89' lang='lat' dir='ltr'>cumulum</span> <span class='ocrx_word' id='word_1_47' title='bbox 503 1286 580 1337; x_wconf 90' lang='lat' dir='ltr'>esse</span> <span class='ocrx_word' id='word_1_48' title='bbox 598 1263 909 1358; x_wconf 84' lang='lat' dir='ltr'>corpusculorum,</span> <span class='ocrx_word' id='word_1_49' title='bbox 936 1287 1018 1360; x_wconf 88' lang='lat' dir='ltr'>quae</span> <span class='ocrx_word' id='word_1_50' title='bbox 1041 1263 1114 1337; x_wconf 87' lang='lat' dir='ltr'>alia</span> <span class='ocrx_word' id='word_1_51' title='bbox 1138 1263 1220 1338; x_wconf 89' lang='lat' dir='ltr'>aliis</span> 
     </span>
     <span class='ocr_line' id='line_1_9' title="bbox 178 1374 1221 1472; baseline 0.006 -27"><span class='ocrx_word' id='word_1_52' title='bbox 178 1374 448 1469; x_wconf 83' lang='lat' dir='ltr'>superjacentis</span> <span class='ocrx_word' id='word_1_53' title='bbox 464 1375 587 1450; x_wconf 88' lang='lat' dir='ltr'>lanam</span> <span class='ocrx_word' id='word_1_54' title='bbox 611 1376 788 1464; x_wconf 89' lang='lat' dir='ltr'>referunt,</span> <span class='ocrx_word' id='word_1_55' title='bbox 816 1377 920 1472; x_wconf 87' lang='lat' dir='ltr'>cujus</span> <span class='ocrx_word' id='word_1_56' title='bbox 950 1376 1016 1472; x_wconf 92' lang='lat' dir='ltr'>pili</span> <span class='ocrx_word' id='word_1_57' title='bbox 1043 1375 1155 1450; x_wconf 85' lang='lat' dir='ltr'>exiles</span> <span class='ocrx_word' id='word_1_58' title='bbox 1182 1387 1221 1451; x_wconf 92' lang='lat' dir='ltr'>et</span> 
     </span>
     <span class='ocr_line' id='line_1_10' title="bbox 178 1483 1221 1564; baseline 0.008 -8"><span class='ocrx_word' id='word_1_59' title='bbox 178 1483 355 1560; x_wconf 87' lang='lat' dir='ltr'>flexibiles</span> <span class='ocrx_word' id='word_1_60' title='bbox 372 1488 485 1562; x_wconf 91' lang='lat' dir='ltr'>veluti</span> <span class='ocrx_word' id='word_1_61' title='bbox 503 1489 659 1563; x_wconf 89' lang='lat' dir='ltr'>totidem</span> <span class='ocrx_word' id='word_1_62' title='bbox 677 1489 812 1563; x_wconf 86' lang='lat' dir='ltr'>elastra</span> <span class='ocrx_word' id='word_1_63' title='bbox 831 1500 910 1563; x_wconf 90' lang='lat' dir='ltr'>tum</span> <span class='ocrx_word' id='word_1_64' title='bbox 933 1489 1041 1563; x_wconf 86' lang='lat' dir='ltr'>facile</span> <span class='ocrx_word' id='word_1_65' title='bbox 1064 1490 1165 1564; x_wconf 88' lang='lat' dir='ltr'>flecti</span> <span class='ocrx_word' id='word_1_66' title='bbox 1181 1502 1221 1564; x_wconf 90' lang='lat' dir='ltr'>et</span> 
     </span>
     <span class='ocr_line' id='line_1_11' title="bbox 179 1599 1221 1698; baseline 0.007 -28"><span class='ocrx_word' id='word_1_67' title='bbox 179 1599 347 1673; x_wconf 89' lang='lat' dir='ltr'>convolvi</span> <span class='ocrx_word' id='word_1_68' title='bbox 376 1612 544 1697; x_wconf 87' lang='lat' dir='ltr'>possunt,</span> <span class='ocrx_word' id='word_1_69' title='bbox 573 1612 654 1675; x_wconf 94' lang='lat' dir='ltr'>tum</span> <span class='ocrx_word' id='word_1_70' title='bbox 681 1601 792 1675; x_wconf 85' lang='lat' dir='ltr'>etiam</span> <span class='ocrx_word' id='word_1_71' title='bbox 822 1612 1001 1698; x_wconf 92' lang='lat' dir='ltr'>perpetuo</span> <span class='ocrx_word' id='word_1_72' title='bbox 1038 1614 1221 1677; x_wconf 86' lang='lat' dir='ltr'>conantur</span> 
     </span>
     <span class='ocr_line' id='line_1_12' title="bbox 179 1712 1221 1810; baseline 0.006 -27"><span class='ocrx_word' id='word_1_73' title='bbox 179 1735 257 1784; x_wconf 91' lang='lat' dir='ltr'>sese</span> <span class='ocrx_word' id='word_1_74' title='bbox 275 1712 472 1787; x_wconf 83' lang='lat' dir='ltr'>extendere</span> <span class='ocrx_word' id='word_1_75' title='bbox 490 1726 527 1788; x_wconf 95' lang='lat' dir='ltr'>et</span> <span class='ocrx_word' id='word_1_76' title='bbox 544 1714 750 1787; x_wconf 86' lang='lat' dir='ltr'>restituere.</span> <span class='ocrx_word' id='word_1_77' title='bbox 801 1713 925 1787; x_wconf 91' lang='lat' dir='ltr'>Veluti</span> <span class='ocrx_word' id='word_1_78' title='bbox 950 1715 980 1787; x_wconf 93' lang='lat' dir='ltr'>si</span> <span class='ocrx_word' id='word_1_79' title='bbox 1001 1715 1081 1810; x_wconf 89' lang='lat' dir='ltr'>quis</span> <span class='ocrx_word' id='word_1_80' title='bbox 1097 1716 1221 1789; x_wconf 89' lang='lat' dir='ltr'>lanam</span> 
     </span>
     <span class='ocr_line' id='line_1_13' title="bbox 179 1827 1220 1927; baseline 0.008 -32"><span class='ocrx_word' id='word_1_81' title='bbox 179 1848 291 1897; x_wconf 87' lang='lat' dir='ltr'>manu</span> <span class='ocrx_word' id='word_1_82' title='bbox 334 1827 569 1923; x_wconf 87' lang='lat' dir='ltr'>undiquaque</span> <span class='ocrx_word' id='word_1_83' title='bbox 617 1827 887 1923; x_wconf 89' lang='lat' dir='ltr'>comprimeret,</span> <span class='ocrx_word' id='word_1_84' title='bbox 932 1827 1220 1927; x_wconf 90' lang='lat' dir='ltr'>unumquodque</span> 
     </span>
     <span class='ocr_line' id='line_1_14' title="bbox 178 1939 1221 2036; baseline 0.004 -27"><span class='ocrx_word' id='word_1_85' title='bbox 178 1949 301 2009; x_wconf 89' lang='lat' dir='ltr'>tamen</span> <span class='ocrx_word' id='word_1_86' title='bbox 319 1939 421 2011; x_wconf 92' lang='lat' dir='ltr'>filum</span> <span class='ocrx_word' id='word_1_87' title='bbox 447 1941 526 2035; x_wconf 87' lang='lat' dir='ltr'>ejus</span> <span class='ocrx_word' id='word_1_88' title='bbox 543 1939 802 2035; x_wconf 82' lang='lat' dir='ltr'>potentiasive</span> <span class='ocrx_word' id='word_1_89' title='bbox 825 1939 1006 2034; x_wconf 90' lang='lat' dir='ltr'>principio</span> <span class='ocrx_word' id='word_1_90' title='bbox 1023 1940 1221 2036; x_wconf 85' lang='lat' dir='ltr'>praeditum</span> 
     </span>
     <span class='ocr_line' id='line_1_15' title="bbox 179 2051 1221 2148; baseline 0.006 -28"><span class='ocrx_word' id='word_1_91' title='bbox 179 2061 236 2122; x_wconf 90' lang='lat' dir='ltr'>est</span> <span class='ocrx_word' id='word_1_92' title='bbox 253 2051 309 2122; x_wconf 91' lang='lat' dir='ltr'>sui</span> <span class='ocrx_word' id='word_1_93' title='bbox 332 2051 536 2142; x_wconf 83' lang='lat' dir='ltr'>dilatativo,</span> <span class='ocrx_word' id='word_1_94' title='bbox 554 2054 658 2148; x_wconf 92' lang='lat' dir='ltr'>cujus</span> <span class='ocrx_word' id='word_1_95' title='bbox 674 2053 822 2142; x_wconf 85' lang='lat' dir='ltr'>virtute,</span> <span class='ocrx_word' id='word_1_96' title='bbox 840 2052 962 2125; x_wconf 85' lang='lat' dir='ltr'>laxata</span> <span class='ocrx_word' id='word_1_97' title='bbox 985 2077 1108 2143; x_wconf 85' lang='lat' dir='ltr'>manu,</span> <span class='ocrx_word' id='word_1_98' title='bbox 1135 2054 1221 2127; x_wconf 86' lang='lat' dir='ltr'>lana</span> 
     </span>
     <span class='ocr_line' id='line_1_16' title="bbox 180 2165 1220 2263; baseline 0.007 -30"><span class='ocrx_word' id='word_1_99' title='bbox 180 2176 382 2258; x_wconf 83' lang='lat' dir='ltr'>spontaneo</span> <span class='ocrx_word' id='word_1_100' title='bbox 408 2177 512 2239; x_wconf 87' lang='lat' dir='ltr'>motu</span> <span class='ocrx_word' id='word_1_101' title='bbox 539 2190 577 2239; x_wconf 96' lang='lat' dir='ltr'>se</span> <span class='ocrx_word' id='word_1_102' title='bbox 605 2165 782 2239; x_wconf 91' lang='lat' dir='ltr'>distendit</span> <span class='ocrx_word' id='word_1_103' title='bbox 809 2176 846 2239; x_wconf 89' lang='lat' dir='ltr'>et</span> <span class='ocrx_word' id='word_1_104' title='bbox 871 2166 1046 2240; x_wconf 89' lang='lat' dir='ltr'>restituit.</span> <span class='ocrx_word' id='word_1_105' title='bbox 1097 2170 1220 2263; x_wconf 85' lang='lat' dir='ltr'>Atque</span> 
     </span>
     <span class='ocr_line' id='line_1_17' title="bbox 180 2278 1221 2375; baseline 0.005 -28"><span class='ocrx_word' id='word_1_106' title='bbox 180 2300 246 2370; x_wconf 90' lang='lat' dir='ltr'>per</span> <span class='ocrx_word' id='word_1_107' title='bbox 264 2278 422 2371; x_wconf 90' lang='lat' dir='ltr'>partium</span> <span class='ocrx_word' id='word_1_108' title='bbox 441 2278 535 2351; x_wconf 85' lang='lat' dir='ltr'>aeris</span> <span class='ocrx_word' id='word_1_109' title='bbox 554 2279 627 2351; x_wconf 91' lang='lat' dir='ltr'>vim</span> <span class='ocrx_word' id='word_1_110' title='bbox 650 2279 745 2351; x_wconf 86' lang='lat' dir='ltr'>hanc</span> <span class='ocrx_word' id='word_1_111' title='bbox 764 2278 962 2367; x_wconf 87' lang='lat' dir='ltr'>clasticam,</span> <span class='ocrx_word' id='word_1_112' title='bbox 980 2280 1221 2375; x_wconf 89' lang='lat' dir='ltr'>plurimorum</span> 
     </span>
     <span class='ocr_line' id='line_1_18' title="bbox 181 2389 1221 2488; baseline 0.006 -28"><span class='ocrx_word' id='word_1_113' title='bbox 181 2389 279 2461; x_wconf 86' lang='lat' dir='ltr'>circa</span> <span class='ocrx_word' id='word_1_114' title='bbox 295 2415 452 2463; x_wconf 87' lang='lat' dir='ltr'>vacuum</span> <span class='ocrx_word' id='word_1_115' title='bbox 470 2403 508 2463; x_wconf 91' lang='lat' dir='ltr'>et</span> <span class='ocrx_word' id='word_1_116' title='bbox 531 2403 702 2464; x_wconf 88' lang='lat' dir='ltr'>naturam</span> <span class='ocrx_word' id='word_1_117' title='bbox 730 2393 824 2464; x_wconf 87' lang='lat' dir='ltr'>aeris</span> <span class='ocrx_word' id='word_1_118' title='bbox 851 2392 1124 2488; x_wconf 83' lang='lat' dir='ltr'>phaenomenon</span> <span class='ocrx_word' id='word_1_119' title='bbox 1147 2418 1221 2469; x_wconf 93' lang='lat' dir='ltr'>non</span> 
     </span>
     <span class='ocr_line' id='line_1_19' title="bbox 181 2502 1072 2599; baseline 0.007 -26"><span class='ocrx_word' id='word_1_120' title='bbox 181 2514 238 2573; x_wconf 91' lang='lat' dir='ltr'>est</span> <span class='ocrx_word' id='word_1_121' title='bbox 252 2502 408 2575; x_wconf 87' lang='lat' dir='ltr'>difficilis</span> <span class='ocrx_word' id='word_1_122' title='bbox 427 2504 633 2599; x_wconf 84' lang='lat' dir='ltr'>explicatio.</span> <span class='ocrx_word' id='word_1_123' title='bbox 685 2505 792 2578; x_wconf 82' lang='lat' dir='ltr'>Alter</span> <span class='ocrx_word' id='word_1_124' title='bbox 808 2505 940 2578; x_wconf 93' lang='lat' dir='ltr'>modus</span> <span class='ocrx_word' id='word_1_125' title='bbox 958 2520 1072 2578; x_wconf 90' lang='lat' dir='ltr'>est-</span> 
     </span>
    </p>

    <p class='ocr_par' dir='ltr' id='par_1_3' title="bbox 180 2614 1224 3052">
     <span class='ocr_line' id='line_1_20' title="bbox 230 2614 1224 2713; baseline 0.009 -28"><span class='ocrx_word' id='word_1_126' title='bbox 230 2614 276 2687; x_wconf 81' lang='lat' dir='ltr'>A.</span> <span class='ocrx_word' id='word_1_127' title='bbox 303 2617 504 2690; x_wconf 89' lang='lat' dir='ltr'>Differatur</span> <span class='ocrx_word' id='word_1_128' title='bbox 520 2618 709 2713; x_wconf 90' lang='lat' dir='ltr'>paululum</span> <span class='ocrx_word' id='word_1_129' title='bbox 727 2619 787 2690; x_wconf 91' lang='lat' dir='ltr'>ille</span> <span class='ocrx_word' id='word_1_130' title='bbox 802 2619 896 2692; x_wconf 89' lang='lat' dir='ltr'>alter</span> <span class='ocrx_word' id='word_1_131' title='bbox 909 2618 1049 2692; x_wconf 92' lang='lat' dir='ltr'>modus.</span> <span class='ocrx_word' id='word_1_132' title='bbox 1077 2620 1224 2694; x_wconf 89' lang='lat' dir='ltr'>Interea</span> 
     </span>
     <span class='ocr_line' id='line_1_21' title="bbox 181 2731 1222 2827; baseline 0.007 -27"><span class='ocrx_word' id='word_1_133' title='bbox 181 2751 304 2825; x_wconf 84' lang='lat' dir='ltr'>quaero</span> <span class='ocrx_word' id='word_1_134' title='bbox 323 2753 345 2800; x_wconf 86' lang='lat' dir='ltr'>a</span> <span class='ocrx_word' id='word_1_135' title='bbox 363 2741 412 2817; x_wconf 92' lang='lat' dir='ltr'>te,</span> <span class='ocrx_word' id='word_1_136' title='bbox 430 2752 552 2802; x_wconf 92' lang='lat' dir='ltr'>nonne</span> <span class='ocrx_word' id='word_1_137' title='bbox 570 2731 688 2804; x_wconf 90' lang='lat' dir='ltr'>omnis</span> <span class='ocrx_word' id='word_1_138' title='bbox 705 2731 949 2827; x_wconf 89' lang='lat' dir='ltr'>hypotheseos</span> <span class='ocrx_word' id='word_1_139' title='bbox 973 2732 1032 2805; x_wconf 89' lang='lat' dir='ltr'>lex</span> <span class='ocrx_word' id='word_1_140' title='bbox 1057 2734 1137 2806; x_wconf 86' lang='lat' dir='ltr'>haec</span> <span class='ocrx_word' id='word_1_141' title='bbox 1155 2746 1222 2824; x_wconf 89' lang='lat' dir='ltr'>est,</span> 
     </span>
     <span class='ocr_line' id='line_1_22' title="bbox 180 2843 1224 2937; baseline 0.006 -23"><span class='ocrx_word' id='word_1_142' title='bbox 180 2855 223 2914; x_wconf 94' lang='lat' dir='ltr'>ut</span> <span class='ocrx_word' id='word_1_143' title='bbox 241 2865 321 2937; x_wconf 87' lang='lat' dir='ltr'>quae</span> <span class='ocrx_word' id='word_1_144' title='bbox 339 2853 594 2937; x_wconf 91' lang='lat' dir='ltr'>supponuntur</span> <span class='ocrx_word' id='word_1_145' title='bbox 607 2843 732 2916; x_wconf 88' lang='lat' dir='ltr'>omnia</span> <span class='ocrx_word' id='word_1_146' title='bbox 744 2843 903 2917; x_wconf 89' lang='lat' dir='ltr'>debeant</span> <span class='ocrx_word' id='word_1_147' title='bbox 914 2869 992 2918; x_wconf 90' lang='lat' dir='ltr'>esse</span> <span class='ocrx_word' id='word_1_148' title='bbox 1010 2869 1077 2919; x_wconf 89' lang='lat' dir='ltr'>sua</span> <span class='ocrx_word' id='word_1_149' title='bbox 1090 2859 1224 2920; x_wconf 84' lang='lat' dir='ltr'>natura</span> 
     </span>
     <span class='ocr_line' id='line_1_23' title="bbox 181 2954 797 3052; baseline -0.002 -24"><span class='ocrx_word' id='word_1_150' title='bbox 181 2954 378 3050; x_wconf 88' lang='lat' dir='ltr'>possibilia,</span> <span class='ocrx_word' id='word_1_151' title='bbox 405 2954 444 3026; x_wconf 94' lang='lat' dir='ltr'>id</span> <span class='ocrx_word' id='word_1_152' title='bbox 467 2966 533 3044; x_wconf 91' lang='lat' dir='ltr'>est,</span> <span class='ocrx_word' id='word_1_153' title='bbox 558 2955 797 3052; x_wconf 83' lang='lat' dir='ltr'>cogitabilia?</span> 
     </span>
    </p>

    <p class='ocr_par' dir='ltr' id='par_1_4' title="bbox 182 3067 1225 3390">
     <span class='ocr_line' id='line_1_24' title="bbox 234 3067 1225 3166; baseline 0.003 -27"><span class='ocrx_word' id='word_1_154' title='bbox 234 3067 283 3140; x_wconf 87' lang='lat' dir='ltr'>B.</span> <span class='ocrx_word' id='word_1_155' title='bbox 309 3067 481 3140; x_wconf 88' lang='lat' dir='ltr'>Omnino.</span> <span class='ocrx_word' id='word_1_156' title='bbox 534 3069 583 3141; x_wconf 86' lang='lat' dir='ltr'>Et</span> <span class='ocrx_word' id='word_1_157' title='bbox 611 3092 692 3164; x_wconf 86' lang='lat' dir='ltr'>quae</span> <span class='ocrx_word' id='word_1_158' title='bbox 718 3068 780 3142; x_wconf 94' lang='lat' dir='ltr'>hic</span> <span class='ocrx_word' id='word_1_159' title='bbox 808 3071 1026 3165; x_wconf 87' lang='lat' dir='ltr'>supponitur</span> <span class='ocrx_word' id='word_1_160' title='bbox 1055 3070 1122 3158; x_wconf 92' lang='lat' dir='ltr'>vis,</span> <span class='ocrx_word' id='word_1_161' title='bbox 1151 3093 1225 3166; x_wconf 87' lang='lat' dir='ltr'>qua</span> 
     </span>
     <span class='ocr_line' id='line_1_25' title="bbox 182 3182 1224 3277; baseline 0.004 -26"><span class='ocrx_word' id='word_1_162' title='bbox 182 3205 308 3276; x_wconf 87' lang='lat' dir='ltr'>pressa</span> <span class='ocrx_word' id='word_1_163' title='bbox 325 3204 363 3252; x_wconf 92' lang='lat' dir='ltr'>se</span> <span class='ocrx_word' id='word_1_164' title='bbox 383 3182 596 3271; x_wconf 92' lang='lat' dir='ltr'>restituunt,</span> <span class='ocrx_word' id='word_1_165' title='bbox 613 3182 720 3254; x_wconf 81' lang='lat' dir='ltr'>facile</span> <span class='ocrx_word' id='word_1_166' title='bbox 747 3182 895 3277; x_wconf 92' lang='lat' dir='ltr'>quidem</span> <span class='ocrx_word' id='word_1_167' title='bbox 922 3207 1006 3255; x_wconf 91' lang='lat' dir='ltr'>cum</span> <span class='ocrx_word' id='word_1_168' title='bbox 1033 3182 1071 3253; x_wconf 93' lang='lat' dir='ltr'>in</span> <span class='ocrx_word' id='word_1_169' title='bbox 1099 3182 1224 3255; x_wconf 92' lang='lat' dir='ltr'>multis</span> 
     </span>
     <span class='ocr_line' id='line_1_26' title="bbox 183 3294 1225 3390; baseline 0.003 -24"><span class='ocrx_word' id='word_1_170' title='bbox 183 3295 291 3367; x_wconf 92' lang='lat' dir='ltr'>rebus</span> <span class='ocrx_word' id='word_1_171' title='bbox 310 3294 483 3390; x_wconf 87' lang='lat' dir='ltr'>conspici,</span> <span class='ocrx_word' id='word_1_172' title='bbox 497 3305 576 3367; x_wconf 93' lang='lat' dir='ltr'>tum</span> <span class='ocrx_word' id='word_1_173' title='bbox 594 3295 631 3367; x_wconf 93' lang='lat' dir='ltr'>in</span> <span class='ocrx_word' id='word_1_174' title='bbox 648 3318 733 3367; x_wconf 85' lang='lat' dir='ltr'>aere</span> <span class='ocrx_word' id='word_1_175' title='bbox 750 3295 893 3390; x_wconf 91' lang='lat' dir='ltr'>concipi</span> <span class='ocrx_word' id='word_1_176' title='bbox 906 3294 1077 3367; x_wconf 85' lang='lat' dir='ltr'>facillime</span> <span class='ocrx_word' id='word_1_177' title='bbox 1090 3306 1225 3390; x_wconf 87' lang='lat' dir='ltr'>potest.</span> 
     </span>
    </p>

    <p class='ocr_par' dir='ltr' id='par_1_5' title="bbox 182 3407 1226 3957">
     <span class='ocr_line' id='line_1_27' title="bbox 235 3407 1225 3504; baseline -0.001 -24"><span class='ocrx_word' id='word_1_178' title='bbox 235 3408 284 3481; x_wconf 86' lang='grc' dir='ltr'>Α.</span> <span class='ocrx_word' id='word_1_179' title='bbox 313 3408 395 3480; x_wconf 83' lang='grc' dir='ltr'>Ηοθ</span> <span class='ocrx_word' id='word_1_180' title='bbox 413 3408 561 3504; x_wconf 89' lang='lat' dir='ltr'>quidem</span> <span class='ocrx_word' id='word_1_181' title='bbox 577 3432 704 3480; x_wconf 86' lang='lat' dir='ltr'>verum</span> <span class='ocrx_word' id='word_1_182' title='bbox 722 3420 788 3481; x_wconf 93' lang='lat' dir='ltr'>est.</span> <span class='ocrx_word' id='word_1_183' title='bbox 828 3410 924 3481; x_wconf 84' lang='lat' dir='ltr'>Nam</span> <span class='ocrx_word' id='word_1_184' title='bbox 938 3408 1103 3480; x_wconf 90' lang='lat' dir='ltr'>videmus</span> <span class='ocrx_word' id='word_1_185' title='bbox 1120 3407 1225 3479; x_wconf 88' lang='lat' dir='ltr'>lami-</span> 
     </span>
     <span class='ocr_line' id='line_1_28' title="bbox 184 3520 1224 3617; baseline 0.001 -25"><span class='ocrx_word' id='word_1_186' title='bbox 184 3545 269 3592; x_wconf 90' lang='lat' dir='ltr'>nam</span> <span class='ocrx_word' id='word_1_187' title='bbox 287 3522 501 3617; x_wconf 84' lang='lat' dir='ltr'>chalybeam</span> <span class='ocrx_word' id='word_1_188' title='bbox 517 3521 659 3594; x_wconf 87' lang='lat' dir='ltr'>balistae</span> <span class='ocrx_word' id='word_1_189' title='bbox 683 3535 809 3610; x_wconf 90' lang='lat' dir='ltr'>tensae,</span> <span class='ocrx_word' id='word_1_190' title='bbox 832 3545 899 3617; x_wconf 90' lang='lat' dir='ltr'>per</span> <span class='ocrx_word' id='word_1_191' title='bbox 924 3522 998 3594; x_wconf 90' lang='lat' dir='ltr'>vim</span> <span class='ocrx_word' id='word_1_192' title='bbox 1023 3521 1123 3593; x_wconf 90' lang='lat' dir='ltr'>illam</span> <span class='ocrx_word' id='word_1_193' title='bbox 1148 3520 1224 3593; x_wconf 90' lang='lat' dir='ltr'>sive</span> 
     </span>
     <span class='ocr_line' id='line_1_29' title="bbox 183 3634 1224 3731; baseline 0.001 -26"><span class='ocrx_word' id='word_1_194' title='bbox 183 3635 404 3731; x_wconf 89' lang='lat' dir='ltr'>principium</span> <span class='ocrx_word' id='word_1_195' title='bbox 425 3634 679 3722; x_wconf 89' lang='lat' dir='ltr'>restitutionis,</span> <span class='ocrx_word' id='word_1_196' title='bbox 697 3634 805 3707; x_wconf 90' lang='lat' dir='ltr'>simul</span> <span class='ocrx_word' id='word_1_197' title='bbox 822 3659 866 3708; x_wconf 88' lang='lat' dir='ltr'>ac</span> <span class='ocrx_word' id='word_1_198' title='bbox 883 3635 1067 3708; x_wconf 87' lang='lat' dir='ltr'>sublatum</span> <span class='ocrx_word' id='word_1_199' title='bbox 1086 3646 1142 3707; x_wconf 92' lang='lat' dir='ltr'>est</span> <span class='ocrx_word' id='word_1_200' title='bbox 1159 3635 1224 3706; x_wconf 93' lang='lat' dir='ltr'>im·</span> 
     </span>
     <span class='ocr_line' id='line_1_30' title="bbox 182 3747 1224 3843; baseline 0.002 -24"><span class='ocrx_word' id='word_1_201' title='bbox 182 3747 447 3843; x_wconf 90' lang='lat' dir='ltr'>pedimentum,</span> <span class='ocrx_word' id='word_1_202' title='bbox 458 3748 686 3821; x_wconf 84' lang='lat' dir='ltr'>velocissimo</span> <span class='ocrx_word' id='word_1_203' title='bbox 699 3761 804 3821; x_wconf 88' lang='lat' dir='ltr'>motu</span> <span class='ocrx_word' id='word_1_204' title='bbox 816 3747 936 3820; x_wconf 92' lang='lat' dir='ltr'>redire</span> <span class='ocrx_word' id='word_1_205' title='bbox 950 3747 998 3820; x_wconf 92' lang='lat' dir='ltr'>ad</span> <span class='ocrx_word' id='word_1_206' title='bbox 1012 3759 1224 3821; x_wconf 89' lang='lat' dir='ltr'>consuetam</span> 
     </span>
     <span class='ocr_line' id='line_1_31' title="bbox 183 3859 1226 3957; baseline 0.003 -26"><span class='ocrx_word' id='word_1_207' title='bbox 183 3859 453 3933; x_wconf 89' lang='lat' dir='ltr'>rectitudinem.</span> <span class='ocrx_word' id='word_1_208' title='bbox 508 3860 667 3935; x_wconf 87' lang='lat' dir='ltr'>Credere</span> <span class='ocrx_word' id='word_1_209' title='bbox 684 3874 807 3934; x_wconf 87' lang='lat' dir='ltr'>tamen</span> <span class='ocrx_word' id='word_1_210' title='bbox 829 3883 904 3933; x_wconf 92' lang='lat' dir='ltr'>non</span> <span class='ocrx_word' id='word_1_211' title='bbox 931 3883 1081 3956; x_wconf 91' lang='lat' dir='ltr'>possum</span> <span class='ocrx_word' id='word_1_212' title='bbox 1110 3860 1226 3957; x_wconf 90' lang='lat' dir='ltr'>philo·</span> 
     </span>
    </p>
   </div>
   <div class='ocr_carea' id='block_1_3' title="bbox 182 3977 1225 4412">
    <p class='ocr_par' dir='ltr' id='par_1_6' title="bbox 182 3977 1225 4412">
     <span class='ocr_line' id='line_1_32' title="bbox 184 3977 1225 4075; baseline 0.004 -27"><span class='ocrx_word' id='word_1_213' title='bbox 184 3977 339 4072; x_wconf 90' lang='lat' dir='ltr'>sophum</span> <span class='ocrx_word' id='word_1_214' title='bbox 362 3977 473 4051; x_wconf 85' lang='lat' dir='ltr'>fuisse</span> <span class='ocrx_word' id='word_1_215' title='bbox 498 3978 613 4066; x_wconf 92' lang='lat' dir='ltr'>illum,</span> <span class='ocrx_word' id='word_1_216' title='bbox 642 3979 705 4075; x_wconf 92' lang='lat' dir='ltr'>qui</span> <span class='ocrx_word' id='word_1_217' title='bbox 735 3978 889 4066; x_wconf 80' lang='lat' dir='ltr'>balistae,</span> <span class='ocrx_word' id='word_1_218' title='bbox 919 3989 985 4050; x_wconf 85' lang='lat' dir='ltr'>aut</span> <span class='ocrx_word' id='word_1_219' title='bbox 1013 4001 1132 4068; x_wconf 88' lang='lat' dir='ltr'>arcus,</span> <span class='ocrx_word' id='word_1_220' title='bbox 1160 3991 1225 4052; x_wconf 88' lang='lat' dir='ltr'>aut</span> 
     </span>
     <span class='ocr_line' id='line_1_33' title="bbox 184 4091 1225 4187; baseline 0.003 -25"><span class='ocrx_word' id='word_1_221' title='bbox 184 4092 433 4186; x_wconf 88' lang='lat' dir='ltr'>cujuscunque</span> <span class='ocrx_word' id='word_1_222' title='bbox 460 4092 637 4164; x_wconf 86' lang='lat' dir='ltr'>machinae</span> <span class='ocrx_word' id='word_1_223' title='bbox 662 4092 833 4180; x_wconf 85' lang='lat' dir='ltr'>elasticae,</span> <span class='ocrx_word' id='word_1_224' title='bbox 852 4091 1145 4187; x_wconf 84' lang='lat' dir='ltr'>experimentum</span> <span class='ocrx_word' id='word_1_225' title='bbox 1162 4115 1225 4165; x_wconf 83' lang='lat' dir='ltr'>ex-</span> 
     </span>
     <span class='ocr_line' id='line_1_34' title="bbox 182 4204 1225 4301; baseline 0.003 -26"><span class='ocrx_word' id='word_1_226' title='bbox 182 4205 303 4276; x_wconf 90' lang='lat' dir='ltr'>hibuit</span> <span class='ocrx_word' id='word_1_227' title='bbox 320 4205 469 4300; x_wconf 90' lang='lat' dir='ltr'>primus.</span> <span class='ocrx_word' id='word_1_228' title='bbox 510 4205 721 4301; x_wconf 92' lang='lat' dir='ltr'>Philosophi</span> <span class='ocrx_word' id='word_1_229' title='bbox 739 4217 793 4277; x_wconf 89' lang='lat' dir='ltr'>est</span> <span class='ocrx_word' id='word_1_230' title='bbox 810 4204 938 4277; x_wconf 89' lang='lat' dir='ltr'>talium</span> <span class='ocrx_word' id='word_1_231' title='bbox 957 4228 1079 4276; x_wconf 91' lang='lat' dir='ltr'>rerum</span> <span class='ocrx_word' id='word_1_232' title='bbox 1096 4228 1225 4278; x_wconf 84' lang='lat' dir='ltr'>causas</span> 
     </span>
     <span class='ocr_line' id='line_1_35' title="bbox 183 4316 1225 4412; baseline 0.002 -22"><span class='ocrx_word' id='word_1_233' title='bbox 183 4318 241 4390; x_wconf 83' lang='lat' dir='ltr'>vel</span> <span class='ocrx_word' id='word_1_234' title='bbox 264 4341 380 4407; x_wconf 88' lang='lat' dir='ltr'>veras,</span> <span class='ocrx_word' id='word_1_235' title='bbox 397 4317 455 4389; x_wconf 91' lang='lat' dir='ltr'>vel</span> <span class='ocrx_word' id='word_1_236' title='bbox 484 4317 612 4390; x_wconf 87' lang='lat' dir='ltr'>saltem</span> <span class='ocrx_word' id='word_1_237' title='bbox 644 4317 849 4412; x_wconf 87' lang='lat' dir='ltr'>probabiles</span> <span class='ocrx_word' id='word_1_238' title='bbox 876 4316 1049 4390; x_wconf 90' lang='lat' dir='ltr'>invenire.</span> <span class='ocrx_word' id='word_1_239' title='bbox 1104 4319 1225 4394; x_wconf 75' lang='lat' dir='ltr'>Quam</span> 
     </span>
    </p>
   </div>
   <div class='ocr_carea' id='block_1_4' title="bbox 0 0 1488 5010">
    <p class='ocr_par' dir='ltr' id='par_1_7' title="bbox 0 0 1488 5010">
     <span class='ocr_line' id='line_1_36' title="bbox 0 0 1488 5010; baseline 0 0"><span class='ocrx_word' id='word_1_240' title='bbox 0 0 1488 5010; x_wconf 95' lang='lat' dir='ltr'> </span> 
     </span>
    </p>
   </div>
  </div>
 </body>
</html>
