2946 5010
397 483 977 541 nuruunnrrcmuoumuum.
1139 474 1207 539 169

221 651 408 746 Capitibus
440 654 490 726 xii
514 664 553 726 et
578 654 641 726 xiii
672 664 902 750 argumenta,
934 676 1017 750 quae
1044 651 1207 742 adducit,
1245 680 1397 721 ursaceus

169 764 260 836 nihil
290 767 444 861 amplius
469 768 628 862 probant
646 791 754 862 quam
773 767 871 863 quod
887 767 1042 864 angulus
1060 778 1209 841 contac·
1249 761 1392 862 ,ζμ

168 890 227 949 tus
241 878 365 973 anguli
376 880 553 953 rectilinei
564 904 639 952 non
650 891 704 952 est
716 903 822 975 pars:
841 880 939 976 quod
952 904 1026 953 uon
1040 893 1208 976 negatur.

221 992 349 1086 Capite
367 993 439 1079 xiv,
462 1007 680 1089 argumenta
697 994 856 1089 explicat
874 994 1067 1089 desumpta
1083 1017 1128 1066 ex
1146 1017 1210 1090 op·

171 1105 245 1176 tica
261 1105 480 1194 Vitellionis‚
501 1107 558 1199 (ut
581 1131 627 1178 ne
654 1106 763 1200 hujus
790 1105 938 1201 quidem
970 1104 1210 1202 philosophiae

170 1218 285 1312 partis
315 1219 464 1314 ignarus
494 1243 571 1292 esse
597 1218 820 1314 videretur):
855 1219 920 1291 sed
950 1219 996 1291 ab
1021 1217 1092 1290 illis
1119 1218 1211 1291 nibil

169 1331 268 1402 aliud
296 1331 454 1403 derivari
483 1342 617 1427 potest,
648 1345 895 1429 praeterquam
925 1330 1024 1427 quod
1054 1331 1210 1427 angulus

170 1453 360 1515 contactus
378 1444 514 1540 angulo
532 1444 722 1518 rectilineo
739 1444 830 1517 nihil
848 1445 963 1517 addit.
1008 1444 1119 1518 Quod
1132 1445 1209 1540 qui·

169 1556 252 1629 dem
269 1557 349 1628 fieri
366 1568 499 1652 potest,
515 1580 559 1629 ex
577 1581 619 1629 eo
638 1555 737 1652 quod
760 1556 960 1652 quantitati
989 1555 1080 1629 nihil
1107 1557 1211 1631 addit

168 1693 241 1742 non
274 1670 383 1742 modo
419 1671 602 1766 quantitas
633 1670 745 1759 nulla,
781 1670 845 1742 sed
879 1670 989 1743 etiam
1024 1671 1210 1766 quantitas

169 1783 424 1878 heterogenea.

219 1897 419 1984 Postremo,
443 1895 562 1991 capite
580 1921 639 1984 xv,
667 1896 867 1993 respondet
893 1896 942 1969 ad
968 1895 1083 1969 Clavii
1111 1920 1208 1991 quae-

169 2009 254 2081 dam
286 2008 490 2082 corollaria.
542 2009 709 2083 Quorum
738 2032 854 2081 unum
877 2019 944 2096 est,
969 2009 1067 2103 quod
1086 2018 1210 2106 potest

169 2122 296 2218 aliqua
327 2122 518 2218 quantitas
547 2120 716 2194 continue
745 2133 782 2195 et
818 2122 960 2216 infinite
994 2121 1140 2219 augeri,
1174 2131 1211 2195 et

170 2246 290 2307 tumen
335 2245 566 2332 augmentum
607 2232 709 2306 illius
750 2245 1060 2333 quantumcunque
1092 2234 1210 2306 minua

168 2347 414 2445 temperarit
442 2347 671 2421 decremento
700 2348 831 2443 hujus:
858 2347 958 2443 quod
991 2347 1138 2443 quidem
1164 2371 1208 2420 eo

169 2485 278 2533 sensu
310 2484 418 2556 quem
451 2461 629 2534 hocloco
658 2460 795 2534 habere
833 2460 955 2549 debet,
986 2460 1209 2534 dictumest

168 2574 274 2668 plane
293 2572 503 2646 absurdum.
543 2573 722 2661 Alterum,
736 2574 893 2646 transiri
903 2598 1017 2670 posse
1033 2599 1058 2646 a
1071 2573 1210 2646 minore

168 2685 222 2758 od
236 2688 367 2782 majus,
381 2686 441 2758 uel
455 2695 597 2775 contra,
613 2695 650 2759 et
660 2710 736 2784 per
758 2686 879 2758 omnia
896 2685 1046 2769 medin,·
1072 2711 1137 2759 nec
1154 2695 1208 2759 ta·

168 2824 247 2871 auen
259 2798 513 2897 peraequata:
532 2800 632 2896 quod
646 2813 701 2872 est
711 2799 1024 2873 absurdissimum.
1052 2799 1207 2873 Hicciue

167 2913 237 2984 fuit
265 2913 328 3009 qui
358 2913 450 2985 adeo
473 2914 629 3009 superbe
656 2913 897 2986 insultaverat
912 2913 988 2986 Jos.
1007 2913 1206 3009 Scaligero,

168 3026 267 3120 quod
296 3027 437 3129 dixerat
469 3027 594 3099 lutera
628 3036 669 3099 12
698 3025 928 3124 dodccogoni
955 3028 1101 3121 majora
1127 3051 1209 3099 eoae

162 3139 367 3234 perimetro
396 3140 532 3213 circuli
558 3139 863 3236 circumscripti?
915 3139 1027 3214 Quod
1058 3140 1207 3236 quidem

167 3251 366 3324 absurdum
384 3263 475 3340 erat,
494 3253 558 3326 sed
580 3277 653 3324 non
682 3264 758 3323 tam
777 3275 885 3346 quam
911 3262 1115 3324 monstrum
1136 3253 1207 3327 hoc

168 3365 294 3452 Cluvii,
313 3378 464 3460 propter
483 3366 581 3462 quod
598 3364 836 3461 geometriam
858 3366 974 3461 ipsam
991 3390 1064 3437 non
1082 3366 1207 3461 magni

166 3478 329 3549 facerent
360 3478 526 3549 homines
556 3502 630 3549 uon
657 3489 868 3571 geometrae.
920 3479 971 3550 At
1001 3489 1106 3550 notat
1137 3479 1207 3551 boc

168 3612 240 3660 non
261 3601 302 3661 ut
318 3589 516 3662 absurdum
533 3589 730 3673 Wallisius,
749 3589 813 3661 sed
830 3603 871 3663 ut
887 3589 1030 3664 falsum.

217 3700 265 3771 B.
294 3701 434 3790 Restat,
454 3702 626 3798 quoniam
649 3701 785 3796 angulo
810 3713 1001 3775 contactus
1023 3703 1207 3798 quantita-

167 3825 240 3885 tem
261 3814 403 3901 tribuis,
423 3815 488 3887 sed
505 3815 631 3912 anguli
649 3814 828 3887 rectilinei
847 3817 1045 3912 quantitati
1062 3816 1206 3890 betero-

166 3952 332 4020 geneam,
350 3940 392 4001 ut
409 3930 580 4002 ostendas
594 3954 705 4026 quare
724 3929 771 4001 sit
787 3930 1056 4025 heterogenea3
1083 3943 1121 4002 et
1133 3954 1207 4026 qua

167 4064 337 4113 mensura
355 4044 579 4137 quantitates
605 4043 760 4115 duorum
779 4043 996 4137 angulorum
1014 4056 1207 4118 contactus

166 4155 310 4246 possint
340 4156 569 4228 mensurari:
607 4155 728 4228 Primo
756 4165 890 4243 autem,
916 4154 1005 4248 quid
1035 4168 1090 4229 est
1116 4155 1208 4230 illud

167 4289 244 4339 esse
259 4268 547 4366 homogcncum?
573 4270 622 4341 Et
633 4269 720 4365 quid
738 4280 792 4341 est
810 4292 887 4341 esse
900 4267 1209 4367 heterogeneum?

218 4382 265 4452 Α.
295 4382 538 4480 Homogeneoe
564 4383 788 4476 quantitates
817 4393 915 4472 sunt,
933 4406 1088 4478 quarum
1106 4406 1207 4456 men·
