2946 5010
843 409 917 473 236

290 567 351 638 cui
377 566 512 638 animal
543 564 754 637 includitur.
826 565 875 637 Et
905 564 958 637 sic
993 564 1109 637 videri
1142 577 1266 661 potest
1298 569 1400 641 mori
1426 592 1448 641 a

290 683 489 755 tenacitate
516 682 714 777 compressi
731 683 837 771 aeris,
852 683 954 778 quasi
972 707 1068 778 aqua
1082 684 1316 770 suffocatum,
1337 686 1446 758 nimi-

290 823 384 888 rum,
402 800 574 873 haustum
601 800 639 872 in
666 800 798 872 intima
811 800 1026 895 pulmonum
1038 823 1159 871 aerem
1173 800 1283 872 solito
1302 803 1446 875 tenaci-

290 939 404 1004 orem,
412 917 509 988 inter
523 917 696 990 arteriam
707 930 745 989 et
755 941 886 990 venam
898 917 1081 1012 pulmonis
1092 942 1239 990 cursum
1250 920 1446 1014 sanguinis

289 1033 557 1129 intercipiendo
574 1035 714 1107 sistere.
768 1033 842 1108 Sed
870 1057 936 1106 cur
964 1058 1045 1130 ego,
1065 1058 1147 1129 quae
1165 1058 1251 1106 mox
1276 1034 1444 1108 lecturus

288 1173 340 1239 eS,
358 1151 546 1248 anticipo?
599 1152 695 1224 Nam
722 1151 962 1248 praejudicare
984 1151 1052 1223 tibi
1071 1151 1166 1224 nolo.
1239 1151 1313 1225 Sed
1333 1153 1376 1225 in
1394 1178 1444 1239 re,

288 1292 370 1363 quae
388 1294 411 1342 a
428 1271 593 1366 corporis
613 1270 764 1343 humani
782 1281 967 1342 structura
993 1267 1209 1341 aestimanda
1238 1282 1306 1357 est,
1325 1270 1378 1342 ad
1407 1282 1445 1344 te

288 1387 463 1476 scribenS,
481 1387 727 1483 adjiciendum
742 1389 812 1461 hoc
829 1387 957 1483 putavi
976 1386 1022 1459 de
1035 1386 1304 1460 interfectionis
1315 1389 1443 1462 modo.

288 1503 426 1577 Praeter
460 1505 713 1600 experimenta
743 1505 842 1577 circa
873 1517 1044 1577 naturam
1071 1503 1177 1592 aeris,
1215 1528 1299 1600 quae
1336 1505 1444 1578 fuere

287 1622 415 1710 multa,
443 1634 480 1695 et
498 1646 580 1718 quae
603 1622 651 1695 ad
669 1623 857 1719 physicam
883 1647 1003 1695 meam
1021 1622 1311 1694 confirmandam
1336 1625 1442 1720 quasi

286 1752 431 1813 naturae
449 1741 601 1813 consilio
622 1740 782 1837 quodam
805 1740 929 1814 oblata
956 1740 1109 1826 diceres
1134 1740 1274 1812 habent
1305 1754 1346 1813 et
1370 1742 1443 1814 alia

287 1856 335 1929 ad
347 1869 471 1952 partes
483 1857 644 1953 physicae
661 1858 750 1930 alias
768 1858 1036 1939 conducentia;
1063 1857 1116 1929 ita
1132 1869 1172 1929 ut
1192 1856 1441 1932 dubitandum

285 1975 432 2047 nonsit
463 1975 551 2071 quin
580 1988 784 2048 conventus
811 1976 862 2048 hii
887 1973 1145 2071 promovendis
1167 1975 1332 2048 scientiis
1356 1978 1441 2069 plu-

286 2091 420 2164 rimum
438 2093 487 2165 sit
507 2092 722 2188 profuturus
745 2092 955 2188 aliquando,
974 2092 1012 2164 id
1040 2103 1107 2180 est,
1127 2115 1210 2163 cum
1243 2094 1440 2168 scientiam

284 2221 454 2282 motuum
473 2233 597 2284 veram
607 2222 672 2282 aut
690 2210 898 2283 invenerint
909 2209 991 2305 ipsi,
1003 2222 1068 2282 aut
1082 2234 1200 2282 meam
1215 2213 1439 2305 receperint.

285 2325 382 2399 Nam
410 2328 643 2415 conveniant,
663 2325 785 2400 studia
808 2326 1013 2414 conferant,
1033 2327 1440 2422 experimentafaciant

285 2458 463 2540 quantum
494 2446 634 2532 volunt,
653 2445 723 2517 nisi
752 2457 789 2517 et
816 2445 1006 2541 principiis
1033 2458 1187 2518 utantur
1215 2446 1318 2537 meiS,
1345 2447 1439 2519 nihil

285 2563 492 2657 proficient.
563 2562 746 2657 Igaoruto
791 2562 888 2633 enim
923 2571 1019 2633 motu
1056 2562 1229 2659 ignorari
1262 2572 1438 2635 naturum

283 2692 384 2751 recte
402 2680 545 2751 censuit
556 2680 785 2751 Aristotelea.
825 2681 864 2752 Si
878 2679 925 2752 ud
939 2680 1109 2752 scientias
1129 2681 1314 2752 sufficeret
1333 2680 1438 2776 inge-

283 2796 398 2881 nium,
414 2796 515 2867 nulla
542 2797 646 2867 nobis
678 2796 832 2868 scientia
845 2795 1063 2891 J'amdudum
1081 2796 1266 2868 defuisset.
1328 2798 1437 2870 Nora

283 2912 382 2984 enim
398 2913 478 2984 haec
503 2913 701 2985 Academia
727 2914 883 3008 ingeniis
910 2913 1075 2985 abundat
1103 2914 1432 2988 excellentissimis.

284 3029 357 3102 Sed
375 3030 474 3102 aliud
492 3045 548 3102 est
576 3032 775 3126 ingenium,
794 3032 893 3103 aliud
918 3055 988 3103 ars.
1042 3032 1133 3103 Arte
1165 3031 1223 3102 hic
1248 3056 1340 3126 opus
1363 3049 1431 3106 est.

284 3149 378 3223 Quae
395 3174 461 3245 per
488 3164 629 3221 motum
658 3152 763 3232 fiunt,
790 3175 916 3220 eorum
943 3173 1062 3220 causae
1089 3173 1154 3244 per
1182 3151 1434 3241 cognitionem

281 3280 403 3338 motus
435 3266 699 3361 investigandae
734 3280 844 3348 sunt3
887 3291 968 3360 quae
1006 3267 1182 3360 cognitio,
1218 3272 1433 3360 geometria

280 3406 365 3478 pars
384 3384 620 3473 nobilissima,
646 3385 824 3455 hactenus
852 3384 991 3454 intacta
1014 3397 1093 3464 est3
1122 3384 1192 3453 uisi
1211 3384 1311 3477 quod
1337 3387 1433 3459 hanc

282 3525 350 3595 ego
369 3502 465 3571 viam
484 3501 567 3585 illis,
587 3501 647 3594 qui
668 3525 741 3572 non
771 3501 817 3572 ad
845 3501 1037 3573 victoriam
1066 3516 1259 3588 conantur,
1290 3503 1356 3574 sed
1386 3507 1433 3578 ad

282 3619 486 3704 veritatem,
506 3618 736 3712 aliquatenus
755 3619 890 3713 prmivi.
945 3619 1017 3688 Sed
1037 3617 1184 3706 frustra,
1212 3632 1254 3690 ut
1271 3620 1431 3710 videtur,

284 3736 371 3807 dum
390 3737 486 3807 vivo,
541 3737 695 3806 Certant
724 3736 820 3806 enim
845 3736 942 3807 inter
965 3760 1002 3806 se
1020 3736 1182 3807 viventes
1207 3736 1251 3806 de
1270 3739 1432 3832 ingenio.

286 3849 459 3951 [Certant
477 3878 620 3925 mecum
639 3853 777 3948 politici
803 3853 908 3923 multi
928 3866 965 3924 et
984 3853 1101 3924 clerus
1132 3854 1176 3924 de
1201 3857 1284 3947 jure
1313 3861 1431 3952 regio.

281 3970 432 4041 Certant
468 3994 609 4040 mecum
647 3969 692 4039 de
727 3970 930 4063 geometria
967 3972 1281 4042 arithmeticorum
1314 3999 1433 4067 genus

281 4084 465 4178 quoddam
491 4109 639 4168 novum,
659 4088 762 4179 cujus
774 4088 963 4179 proprium
983 4101 1038 4159 est
1056 4113 1161 4158 uurrru
1181 4088 1255 4159 sive
1275 4090 1313 4159 in
1327 4092 1433 4165 lineis

279 4202 355 4272 sive
373 4202 410 4272 iu
426 4202 614 4296 quadratis
632 4202 839 4297 promiscuo
853 4218 1078 4298 computare.
1119 4206 1269 4277 Certant
1286 4232 1432 4282 mecum

281 4318 325 4390 de
344 4320 496 4413 physica
514 4342 533 4388 e
553 4319 669 4390 Sociis
691 4320 1021 4393 Gresharnensibus
1036 4323 1099 4410 illi,
1119 4324 1250 4417 quibus
1270 4330 1433 4402 maxime
