2946 5010
455 428 639 482 cunarro
660 429 851 480 sennam.
1095 413 1166 480 503

131 606 168 669 et
198 595 383 668 semissem
419 595 532 691 ipsius
559 595 621 667 Ze.
673 593 906 669 Quadratum
933 602 1056 667 autem
1078 616 1102 665 a
1117 593 1185 692 Ze,
1213 618 1295 658 mor.
1311 618 1342 658 x.

129 708 266 804 aequale
292 717 347 782 est
364 717 407 799 dl
426 708 613 805 quadratis
630 731 654 780 a
669 707 801 804 quinta
825 717 931 804 parte
958 728 1065 780 araus
1092 704 1167 778 Bc.
1204 684 1349 722 *⁹³

119 820 314 894 Differunt
347 844 435 917 ergo
468 844 594 894 rursus
625 820 754 895 eadem
784 821 930 894 ratione
962 843 1034 917 qua
1067 831 1167 893 ante.

131 935 323 1021 Praeterea,
341 933 520 1031 quadrata
535 933 583 1006 ab
599 930 655 1022 eb,
671 958 742 1022 mn,
760 933 812 1023 kl,
830 933 916 1031 qnia
940 945 1027 1006 sunt
1046 932 1085 1005 in
1108 955 1167 1007 ra-

130 1046 231 1120 tione
249 1047 510 1144 quadratorum
528 1046 575 1119 ab
592 1047 661 1133 An,
676 1045 738 1135 Al,
752 1046 818 1143 qs,
835 1046 874 1120 id
891 1046 1002 1121 estin
1025 1044 1168 1118 ratione

130 1158 390 1256 quadratorum
404 1160 451 1233 ab
463 1159 539 1247 AZ,
552 1157 620 1247 nr,
634 1159 701 1247 Ae,
714 1159 902 1234 habebunt
915 1159 1046 1232 eodem
1057 1157 1169 1231 modo

129 1271 310 1345 calculum
344 1273 608 1368 geometricum
639 1272 686 1345 ab
717 1272 952 1346 arithmetico
984 1272 1169 1346 diversum

130 1385 226 1460 sient
242 1386 317 1474 illa,
334 1408 466 1482 nempe
491 1398 534 1459 ut
550 1409 616 1482 per
631 1384 816 1484 Regulam
832 1385 997 1460 Auream
1014 1383 1170 1482 quadra-

131 1512 211 1572 tum
228 1501 275 1572 ab
293 1498 352 1572 Alr
367 1498 425 1572 vel
443 1498 485 1572 kl
500 1501 616 1595 majus
629 1501 731 1597 justo
755 1499 804 1573 sit
820 1509 959 1596 quanto
976 1499 1095 1595 majus
1112 1509 1169 1572 est

127 1605 322 1708 †qnam†
340 1611 449 1684 unius
466 1611 627 1685 unitatis.

181 1725 382 1811 Postremo,
394 1723 479 1821 quia
495 1723 714 1820 quadratum
732 1748 756 1797 a
772 1724 835 1798 CG
851 1722 932 1818 (16)
947 1735 1003 1797 est
1019 1723 1066 1796 ad
1083 1746 1171 1820 qua·

132 1837 278 1910 dratnm
309 1837 402 1909 aZc
421 1838 503 1930 (10)
523 1850 565 1910 ut
594 1846 637 1910 16
661 1836 710 1911 ad
732 1846 788 1928 10,
816 1838 892 1917 sire
917 1849 961 1910 ut
988 1835 1171 1934 maddi,

131 1949 351 2047 quadratum
378 1948 424 2022 ab
451 1946 495 2022 ed
514 1948 590 2022 sive
613 1950 669 2022 Ae
692 1951 750 2042 (ut
777 1964 863 2025 ante
889 1962 1075 2024 ostensum
1096 1951 1168 2041 est)

122 2062 203 2137 ‚erit
219 2061 285 2141 dl:
312 2060 411 2158 quod
442 2062 625 2137 consentit
651 2087 734 2136 eum
764 2064 904 2137 calcqu
931 2062 1170 2160 geometrico.

133 2174 207 2248 Sed
223 2173 403 2270 quadrata
419 2173 482 2247 illa
504 2198 580 2247 non
607 2187 694 2248 sunt
716 2175 939 2266 immediata,
956 2176 1043 2275 quia
1059 2175 1171 2249 inter-

132 2298 320 2383 ponuntur
337 2284 516 2382 quadrata
531 2285 578 2358 ab
592 2286 664 2360 ΥΟ
681 2299 719 2360 et
735 2286 808 2360 tn.

183 2399 312 2495 Neque
333 2398 466 2471 mirum
488 2398 604 2472 videri
634 2398 756 2490 debet,
774 2400 805 2474 si
827 2400 989 2474 calculus
1010 2424 1077 2497 per
1098 2399 1171 2473 lte-

130 2512 261 2611 gulam
279 2510 445 2585 Auream
460 2510 641 2606 producat
660 2537 853 2587 numerum
870 2515 1044 2610 majorem
1061 2537 1170 2610 quam

133 2624 293 2698 calculus
309 2648 375 2720 per
392 2623 472 2719 ipsa
487 2623 597 2720 plana
609 2626 848 2722 geometrica.
884 2627 981 2700 Nam
997 2648 1171 2699 numerus

133 2750 190 2811 est
206 2737 429 2834 quantitates
447 2736 629 2827 discreta,
647 2739 685 2811 in
702 2739 834 2836 quibus
856 2763 931 2813 una
956 2764 1037 2813 eum
1056 2739 1173 2813 altera

133 2851 224 2925 nihil
253 2851 365 2924 habet
389 2874 596 2940 commune,
614 2852 679 2926 sed
706 2864 764 2926 tot
781 2876 909 2926 revera
925 2866 1012 2927 sunt
1028 2875 1087 2925 res
1103 2876 1172 2925 nu-

133 2976 283 3038 meratoe
310 2975 399 3061 quot
427 2974 679 3038 numerantur.
734 2965 925 3040 Quadrata
949 2977 1072 3039 autem
1093 2965 1173 3038 haee

134 3089 221 3150 sunt
250 3077 434 3173 quantitas
463 3099 538 3150 una
565 3077 751 3166 continua,
786 3103 865 3175 queo
895 3102 979 3151 cum
1013 3078 1174 3151 habeant

133 3199 290 3283 quatuor
324 3188 440 3260 latera
474 3187 758 3284 unumquodque
792 3214 866 3263 non
900 3191 1075 3286 contigua
1107 3189 1174 3263 sed

134 3299 321 3387 continua,
339 3299 483 3395 quoties
505 3298 798 3395 multiplicantur
823 3301 933 3374 toties
959 3301 1104 3398 singula
1120 3302 1173 3375 la·

134 3424 216 3486 tera
248 3409 376 3484 eadem
410 3433 565 3483 numero
599 3423 850 3501 numerantur,
878 3412 918 3485 id
947 3425 1015 3503 est,
1041 3437 1173 3487 unum-

135 3524 308 3623 quodque
336 3523 433 3597 latus
468 3522 746 3620 multiplicatur,
780 3537 819 3598 et
849 3525 1004 3622 proinde
1032 3526 1174 3600 faciunt

134 3661 328 3713 numerum
346 3636 608 3734 quadratorum
624 3639 726 3734 justo
744 3639 932 3733 majorem.

186 3753 280 3825 Haec
302 3749 393 3839 fuse,
418 3761 457 3822 et
489 3749 546 3842 (ut
564 3751 690 3845 credo)
719 3750 911 3847 perspicue
940 3748 1109 3848 explicui,
1131 3761 1175 3822 ut

135 3864 253 3938 sciant
275 3863 424 3937 tandem
448 3875 646 3958 geometrae
673 3864 736 3961 qui
756 3864 867 3961 plana
883 3864 1004 3939 metiri
1020 3885 1174 3936 eonsue-

136 3988 269 4050 verunt
301 4000 367 4072 per
393 3974 578 4072 Regulam
603 3975 766 4051 Auream
794 3977 852 4050 vel
882 4001 946 4075 per
977 3977 1176 4074 algebram,

125 4088 275 4163 ¹frustra
291 4111 329 4162 se
346 4086 480 4161 facere.
