2946 5010
378 436 433 499 un
453 446 758 501 mnsurruurnc
779 446 961 500 crucum.
1115 433 1187 500 369

141 608 225 687 inv.
270 615 350 688 Erit
368 640 457 713 ergo
474 617 537 690 vK
555 616 705 713 aequalis
723 618 792 714 ipsi
810 618 888 690 ΚΕ.
941 617 1066 692 Quare
1084 630 1187 689 recta
1235 639 1320 680 rror.
1335 637 1367 680 x·

142 728 210 800 ΒΚ
229 727 359 801 dividit
386 728 563 826 angulum
581 729 681 802 CBN
696 728 865 802 bifariam
882 760 892 814 ;
919 743 958 802 et
975 742 1054 802 tum
1072 751 1187 824 angu-

140 842 197 917 lus
216 841 327 931 CBK,
346 855 426 916 tum
443 842 600 939 angulus
619 843 738 931 KBN,
757 853 813 916 est
831 844 941 916 tertia
958 867 1043 939 pars
1061 841 1187 937 anguli

141 955 252 1027 EBD.
305 956 433 1052 Itaque
451 957 577 1051 anguli
596 956 713 1045 KBN,
733 956 837 1028 NBV
855 971 941 1029 sunt
958 955 1129 1052 aequales,
1148 966 1187 1025 et

141 1067 247 1139 divisi
267 1067 315 1140 ad
332 1069 459 1164 agulos
477 1080 597 1141 rectos
615 1069 652 1140 in
672 1094 704 1141 v.
757 1068 851 1140 Sunt
868 1093 956 1164 ergo
974 1069 1091 1141 latera
1106 1067 1185 1154 ΒΚ,

142 1180 207 1251 BV
228 1182 325 1254 inter
357 1206 396 1255 se
427 1182 593 1278 aequalia.
648 1181 721 1254 Sed
754 1182 818 1254 BV
841 1181 991 1278 aequalis
1024 1195 1081 1254 est
1108 1178 1186 1252 00.

140 1281 240 1378 Ergo
258 1283 324 1355 OC
343 1283 494 1379 aequalis
511 1294 568 1355 cst
592 1283 662 1378 ipsi
681 1282 760 1371 ΒΚ,
779 1283 962 1355 subtensae
980 1305 1087 1355 arcus
1106 1280 1185 1352 ΒΚ.

1229 708 1373 743 κ-νυ

195 1395 336 1469 Coroll.
362 1398 429 1469 Est
442 1420 531 1492 ergo
548 1407 651 1468 recta
668 1395 726 1469 SC
736 1397 793 1469 vel
814 1396 873 1469 SO
890 1395 1012 1468 media
1032 1419 1186 1492 propor-

140 1508 288 1582 tionalis
310 1510 408 1582 inter
435 1508 611 1582 chordam
630 1534 737 1583 arcus
755 1518 803 1584 30
820 1508 1015 1604 graduum,
1034 1523 1072 1581 et
1089 1508 1185 1604 ejus-

140 1621 226 1696 dem
243 1621 393 1696 chordae
410 1622 608 1695 semissem.

497 1867 745 1921 Pnoeosr'rlo
766 1869 825 1920 xl.

192 1984 376 2058 Producta
387 1985 455 2059 ΒΚ
467 1987 637 2059 transibit
647 2011 715 2083 per
724 1986 943 2083 punctumd
949 1985 987 2058 iu
998 1985 1184 2082 diagonali

141 2098 221 2188 AC,
240 2110 279 2172 et
296 2097 435 2172 secabit
452 2109 591 2173 rectam
610 2100 665 2172 SZ
680 2100 718 2172 in
736 2099 765 2171 Z
780 2131 789 2184 ;
816 2101 958 2197 eritque
976 2099 1037 2172 BZ
1063 2123 1184 2195 aequa-

141 2212 185 2285 lis
203 2210 388 2308 diagonali
405 2212 471 2286 AO
483 2212 541 2286 vel
560 2212 636 2285 BD.

192 2324 422 2398 Producatur
439 2325 507 2398 BN
525 2324 573 2398 ad
590 2349 716 2398 arcum
735 2325 812 2398 Mm
830 2326 869 2398 in
887 2334 924 2410 t;
951 2335 990 2396 ct
1006 2348 1029 2397 a
1045 2337 1184 2422 puncto

141 2437 183 2511 M
202 2438 419 2511 demittatur
443 2439 757 2535 perpendicularis
785 2440 866 2527 Mc,
884 2463 1011 2513 secans
1030 2439 1083 2512 Bt
1098 2464 1185 2537 pro‘-

143 2552 294 2627 ductam
311 2552 394 2625 inc.
439 2552 624 2627 Quoniam
642 2577 730 2650 ergo
747 2566 849 2627 recta
866 2551 920 2626 Bt
937 2563 975 2625 et
993 2577 1099 2626 arcus
1118 2553 1183 2626 BD

141 2676 230 2738 sunt
258 2664 429 2762 aequales,
447 2677 486 2739 et
504 2665 586 2754 AK,
606 2666 682 2738 DM
709 2665 905 2762 parallelae,
923 2677 962 2738 et
990 2677 1093 2738 recta
1116 2666 1185 2739 KV

143 2778 260 2852 divisa
285 2777 453 2851 bifariam
481 2778 591 2852 etad
620 2779 774 2875 angulos
802 2788 923 2852 rectos
949 2777 988 2851 iu
1016 2810 1055 2863 v;
1081 2790 1185 2853 recta

142 2891 220 2965 DM
250 2890 391 2965 secabit
424 2901 565 2965 rectam
592 2892 646 2964 Bt
671 2891 719 2965 ad
752 2893 905 2987 angulos
931 2903 1053 2967 rectos
1079 2894 1117 2965 in
1140 2924 1183 2977 r;

142 3016 324 3101 eruntque
347 3005 405 3078 Dr
425 3014 462 3077 et
484 3004 538 3076 τΖ
562 3004 730 3100 aequales.
784 3004 969 3078 Producta
996 3029 1085 3100 crgo
1116 3004 1184 3077 ΒΚ

141 3116 280 3189 incidet
297 3118 335 3189 in
349 3116 389 3190 Z.
432 3119 498 3189 Est
516 3117 615 3190 enim
631 3131 673 3190 ut
683 3117 751 3188 VK
771 3116 818 3188 ad
837 3117 904 3202 Kc,
916 3117 968 3189 ita
980 3116 1044 3189 DZ
1062 3116 1110 3190 ad
1123 3118 1184 3188 Ζτ.

191 3230 332 3302 Rursus
350 3230 436 3325 quia
453 3229 577 3302 radius
596 3228 659 3302 BC
676 3229 827 3324 triplum
844 3238 966 3324 potest
983 3231 1061 3324 ejus
1084 3228 1185 3325 quod

140 3351 263 3438 potest
275 3341 344 3413 CN
355 3341 412 3415 vel
428 3340 512 3429 CM,
524 3341 635 3415 etiam
652 3340 774 3413 media
785 3340 1069 3438 proportionalis
1086 3340 1184 3413 iuter

143 3455 204 3528 BC
222 3466 260 3527 et
278 3454 465 3527 semissem
483 3456 561 3549 ejus
575 3454 650 3542 BE,
665 3477 746 3548 quae
760 3467 816 3526 est
833 3463 935 3526 recta
952 3454 1017 3541 AI,
1031 3452 1183 3548 triplum

139 3568 276 3664 poterit
293 3569 371 3662 ejus
389 3565 489 3663 quod
507 3578 630 3662 potest
647 3565 770 3639 media
786 3566 1071 3663 proportionalis
1084 3566 1183 3639 inter

140 3682 208 3754 CN
236 3682 311 3753 sive
340 3679 401 3752 CL
431 3689 469 3752 et
498 3679 684 3752 semissem
712 3680 803 3774 ejus,
856 3678 1024 3752 Semissis
1058 3689 1182 3752 autem

139 3807 252 3868 rectae
272 3794 334 3867 CL
353 3803 500 3866 ostensa
523 3804 579 3867 est
608 3794 658 3866 Po
680 3792 740 3865 vel
768 3792 847 3878 003
874 3803 912 3865 et
940 3791 1095 3889 proinde
1119 3792 1179 3865 PC

140 3908 262 3980 media
279 3918 336 3979 est
352 3907 636 4004 proportionalis
656 3904 752 3979 iuter
769 3904 831 3978 CL
843 3916 880 3978 et
898 3909 1086 3979 semissem
1103 3907 1182 4002 ejus

140 4022 210 4094 Co.
264 4020 337 4093 Sed
356 4020 404 4092 ΒΙ
424 4021 500 4093 sive
518 4022 569 4093 ΑΙ
595 4033 717 4117 potest
744 4018 894 4115 triplum
916 4032 1027 4092 rectae
1055 4019 1126 4108 PC,
1143 4018 1182 4092 id

139 4148 196 4208 est
222 4136 390 4231 (propter
417 4133 601 4230 triangula
624 4132 735 4221 BcN,
753 4131 841 4204 Bld
858 4131 1005 4224 similia)
1030 4131 1181 4227 triplum

139 4260 250 4322 rectae
265 4248 327 4320 Id.
378 4247 527 4320 Transit
543 4270 632 4342 ergo
649 4244 710 4318 ΒΖ
728 4269 794 4342 per
810 4255 990 4340 punctum
1008 4245 1045 4317 d.

192 4359 332 4433 Coroll.
348 4360 371 4433 i.
400 4359 516 4434 Recta
529 4359 560 4434 G
564 4385 595 4458 g
606 4370 662 4434 est
679 4356 831 4454 aequclis
848 4370 960 4432 rectae
979 4357 1059 4431 Bu.
1087 4357 1180 4433 Cum

241 4495 335 4547 von.
352 4496 408 4547 rv.
1010 4492 1079 4544 un
