2946 5010
298 377 368 459 176
512 397 782 455 nxnmrnumo
803 399 855 451 nn
874 399 1123 453 nmnnnnmo

105 586 257 632 numum
295 574 440 639 constat
465 590 509 638 ex
530 566 675 640 infinito
702 589 856 639 numero
885 565 1078 662 planorum
1104 567 1334 645 arithmetice

13 709 15 713 >
108 669 252 774 „L
293 679 635 776 proportionalium.
677 678 787 755 Quod
805 679 1040 753 concedimus
1056 693 1098 753 ut
1116 704 1254 770 verum,
1269 685 1335 757 sed

293 816 370 866 non
395 805 439 866 ut
465 816 614 883 novum,
645 816 715 866 nec
744 793 805 866 hic
835 791 1137 881 demonstratum,
1172 795 1242 868 nisi
1272 797 1335 871 illa

291 905 402 1002 plana
418 906 492 979 sint
509 905 721 1003 cylindrusi.
774 906 884 980 Quod
901 919 944 979 tu
969 905 1100 979 iterum
1129 906 1228 982 dices
1254 933 1333 983 esse

290 1018 436 1093 falsum.

341 1128 388 1207 A.
416 1129 583 1206 Quidni?

341 1244 391 1318 B.
418 1245 623 1341 Propositio
653 1242 796 1317 decima
825 1257 893 1333 est,
927 1244 1028 1341 quod
1051 1245 1333 1343 pyramidoidis

284 1356 501 1456 parabolici
516 1368 555 1432 et
574 1357 688 1456 ploni
711 1382 787 1456 per
812 1381 921 1430 ocem
945 1357 1109 1430 secantis
1139 1361 1332 1434 communia

289 1470 406 1543 rectio
423 1480 482 1544 ert
499 1469 702 1570 parabola.
752 1469 866 1546 Quod
882 1482 940 1543 est
956 1469 1101 1559 falsum,
1125 1471 1196 1544 nisi
1219 1472 1332 1547 addat

290 1583 391 1679 quod
407 1584 523 1658 sectio
539 1584 696 1658 transire
714 1583 847 1657 debeat
868 1606 935 1679 per
959 1582 1115 1680 angulos
1132 1586 1330 1682 oppositos.

291 1696 384 1770 Cum
402 1698 500 1771 enim
524 1696 688 1772 concidis
716 1695 914 1793 parabolici
939 1696 1112 1793 planique
1135 1721 1201 1793 per
1224 1723 1329 1772 axem

291 1812 495 1885 communis
525 1811 640 1885 sectio
666 1810 713 1883 sit
738 1809 922 1906 parabola,
952 1809 1175 1906 impossibile
1205 1822 1329 1886 estut

290 1923 388 1998 idem
405 1925 597 2022 contingat
613 1925 651 1998 in
669 1922 932 2020 pyramidoide‚
951 1934 1016 1997 aut
1031 1922 1107 1997 ulla
1123 1924 1196 1998 alia
1211 1926 1330 2020 figura

287 2037 414 2112 basem
430 2038 590 2112 habente
607 2037 847 2126 rectilineam,
865 2059 1009 2133 nempe,
1027 2035 1265 2134 polygonum.

337 2149 384 2224 A.
411 2151 615 2248 Propositio
631 2151 670 2225 xi
690 2152 846 2247 figuram
870 2150 1020 2224 exhibet
1044 2149 1155 2224 aliam
1177 2174 1324 2239 novam,

288 2288 399 2361 quam
410 2267 571 2362 appellat
589 2288 745 2339 cuneum
756 2264 1025 2361 parabolicum:
1043 2263 1108 2360 qui
1121 2264 1212 2338 nihil
1228 2265 1328 2339 aliud

286 2390 354 2468 est,
396 2388 439 2452 ut
472 2379 563 2452 mihi
595 2377 753 2466 videtur,
785 2400 895 2473 quam
930 2375 1144 2473 simpliciter
1178 2401 1326 2467 cuneus,

286 2491 471 2581 nimirum,
482 2491 620 2587 prisma
634 2492 737 2586 cujus
749 2491 847 2565 basis
864 2501 922 2563 est
934 2490 1325 2587 parallelogrammum,

286 2605 383 2676 acies
400 2615 523 2677 autem
540 2605 637 2677 linea
656 2614 767 2676 recta.
821 2604 933 2678 Quod
950 2604 1098 2700 quidem
1115 2603 1252 2698 prisma
1269 2617 1326 2675 est

285 2729 526 2812 aggregatum
556 2717 834 2812 triangulorum,
861 2741 1017 2812 quorum
1045 2715 1193 2811 quidem
1219 2715 1324 2787 bases

286 2828 393 2901 simul
424 2853 549 2902 omnes
579 2829 721 2903 faciunt
750 2828 1141 2926 parallelogrammum,
1169 2828 1323 2900 vertices

285 2951 408 3014 autem
425 2942 558 3014 lineam
576 2955 728 3016 rectam.
767 2943 861 3017 Quae
875 2956 931 3016 est
947 2944 1066 3039 figura
1079 2941 1169 3015 tecti
1183 2940 1321 3014 domus.

335 3051 381 3127 B.
407 3055 561 3129 Temere
578 3056 670 3129 haec.

336 3168 384 3240 A.
412 3168 623 3265 Sequuntur
657 3193 781 3241 rursus
812 3168 962 3241 inventa
996 3168 1126 3241 aliena.
1195 3169 1323 3263 Itaque

284 3280 489 3377 Propositio
507 3282 558 3355 xii
576 3282 738 3355 ostendit
767 3281 856 3377 quid
883 3281 931 3354 sit
954 3280 1056 3355 latur
1080 3291 1229 3372 rectum,
1248 3284 1323 3356 sive

277 3405 510 3492 parameter,
545 3395 620 3468 sive
645 3396 760 3489 juata
795 3419 903 3491 quom
931 3405 1093 3492 possunt
1127 3395 1323 3470 ordinatim

281 3506 763 3604 applicata-Paromcter
797 3508 873 3582 hcc
911 3532 982 3580 noa
1007 3507 1163 3604 uspiam,
1191 3509 1322 3604 inquit,

280 3620 341 3693 oel
356 3621 393 3695 io
410 3622 491 3693 coni
508 3621 672 3695 sectione
684 3619 743 3694 cel
757 3620 795 3694 in
812 3621 894 3719 apso
911 3645 999 3693 cono
1015 3619 1171 3692 realiter
1180 3622 1322 3711 existit,

281 3735 352 3807 sed
361 3733 442 3807 sola
453 3734 719 3832 imaginatione
728 3731 1100 3832 suppletum—Quod
1113 3744 1168 3805 est
1177 3733 1320 3821 salsum,

281 3859 481 3944 natumque
499 3872 544 3921 ex
554 3848 739 3944 imperitia
747 3846 904 3920 hominis
914 3847 952 3919 in
966 3846 1103 3920 conicis
1117 3847 1318 3919 semidocti.

333 3960 381 4034 B.
410 3962 589 4044 Quaenam
602 3974 727 4034 autem
740 3972 796 4033 est
809 3971 909 4033 recta
926 3960 989 4033 illa
1005 3960 1043 4033 in
1062 3960 1146 4033 coni
1158 3959 1319 4032 sectione

281 4073 428 4147 realiter
445 4075 604 4148 existens
617 4072 847 4170 parameter?

332 4186 379 4259 Α.
408 4186 549 4261 Dicam.
618 4187 794 4260 Describe
828 4186 1051 4283 parabolam,
1089 4187 1178 4278 (non
1207 4207 1318 4272 nunc,

281 4297 347 4371 sed
363 4323 447 4372 cum
464 4300 576 4374 fueris
595 4300 693 4396 apud
710 4302 778 4396 te),
792 4314 829 4376 et
847 4298 1116 4397 comprehende
1129 4297 1318 4394 parallelo-
