2946 5010
356 413 674 468 Marnnnamon
694 415 939 469 nonmnnm.
1101 402 1171 469 103

167 576 212 651 Α.
237 579 317 654 Imo
328 582 619 673 radicemhabet,
627 584 691 657 sed
702 585 802 659 nullo
814 584 994 682 aequalem
1003 608 1169 658 numero.
1206 607 1357 650 antonus

127 690 222 765 Nam
251 696 396 768 numeri
424 705 467 769 16
495 709 534 769 et
561 705 595 783 8,
624 697 687 793 qui
712 697 855 771 faciunt
883 706 965 786 128,
999 698 1037 770 in
1073 697 1171 770 linea

124 818 226 879 recta
242 807 411 882 similiter
433 809 550 884 divisa
573 810 611 882 in
637 822 761 906 partes
788 811 969 907 aliquotas
993 810 1171 906 distingui

124 933 300 1014 possunt;
328 934 365 995 et
382 922 478 996 inter
495 924 577 996 illas
593 935 714 996 rectas
732 923 888 996 inveniri
906 933 1028 1019 potest
1050 923 1172 996 media

124 1035 418 1128 proportionalis,
445 1037 550 1131 cujus
573 1037 794 1133 quadratum
812 1037 882 1110 erit
902 1037 979 1133 ipse
998 1060 1171 1109 numerus

129 1152 209 1218 128.

175 1257 225 1331 B.
252 1257 374 1330 Etiam
393 1259 479 1332 hinc
496 1260 654 1356 intelligi
671 1272 793 1357 potest
810 1262 1040 1357 problemata
1057 1285 1169 1357 quan-

124 1394 235 1466 quam
250 1371 494 1462 arithmetica‚
509 1398 590 1470 qnae
605 1375 684 1447 sine
703 1399 772 1471 ope
784 1375 999 1471 geometriae
1013 1375 1171 1448 inveniri

124 1495 281 1579 possunt
298 1507 365 1580 per
382 1484 580 1580 algebram,
600 1487 701 1559 nulla
717 1510 808 1560 esse.

172 1597 223 1668 A.
249 1595 308 1669 Ne
325 1596 433 1669 crede
457 1598 572 1694 igitur
589 1599 743 1671 nimium
762 1611 846 1694 post
861 1599 941 1671 haec
959 1599 1171 1694 vaniloquio

123 1709 382 1805 professorum.
451 1710 524 1782 Sed
554 1710 644 1806 quid
672 1734 795 1806 quaeso
823 1711 861 1783 in
890 1711 1171 1785 ratiocinatione

122 1822 193 1894 hac
215 1821 400 1910 observas,
423 1835 575 1918 propter
598 1823 698 1919 quod
722 1821 879 1895 dicenda
901 1824 948 1896 sit
966 1822 1171 1919 acolytis?

123 1937 182 2008 An
201 1959 285 2008 cum
299 1945 451 2008 ventum
468 1948 566 2010 esset
582 1936 630 2010 ad
647 1937 913 2034 analogismum
927 1937 1038 2024 hunc,
1058 1937 1168 2009 16÷A

125 2089 134 2133 τ
150 2047 266 2142 «1‘2'8
282 2091 313 2135 :z
329 2050 444 2143 «1728
462 2092 470 2135 :
487 2064 530 2151 A,
549 2064 741 2136 aberamus
767 2063 912 2159 longius
930 2088 953 2135 a
969 2062 1171 2160 principiis,

123 2201 235 2272 qnam
265 2201 350 2251 cum
378 2178 654 2252 accessissemus
682 2176 730 2248 ad
759 2199 864 2271 prop.
892 2184 953 2266 36,
984 2176 1099 2248 Elem.
1118 2175 1169 2247 iii.

124 2289 299 2364 Euclidis.

174 2402 224 2475 B.
252 2402 425 2498 Agnosco
443 2403 504 2476 hio
523 2400 669 2498 quidem
689 2423 836 2472 cursum
854 2398 1036 2495 quendam
1054 2411 1092 2473 et
1115 2424 1170 2473 re·

124 2540 271 2589 cursum
288 2517 386 2588 inter
403 2515 652 2613 aequalitatem
676 2512 974 2610 rectangulorum
992 2525 1029 2585 et
1046 2538 1167 2610 aequa·

122 2628 265 2703 litatem
283 2630 494 2716 rationum;
521 2629 585 2702 sed
613 2639 697 2701 utra
723 2628 854 2700 harum
882 2627 1022 2698 viarum
1053 2628 1169 2722 magis

122 2742 254 2815 tendat
271 2741 319 2814 ad
336 2742 528 2838 principia,
544 2751 706 2813 statuere
723 2739 888 2811 nondum
902 2762 1063 2834 possum.
1097 2737 1170 2810 Sed

122 2854 403 2951 progrediamur
420 2854 467 2926 ad
488 2854 610 2949 Caput
632 2851 902 2925 duodecimum.

172 2965 219 3040 A.
248 2967 383 3063 Capita
407 2967 549 3061 reliqua
570 2965 690 3037 minus
718 2965 871 3036 molesta
895 2975 1016 3037 erunt.
1072 2964 1169 3036 Nam

124 3103 205 3175 quae
223 3081 261 3152 in
280 3080 351 3152 illis
369 3092 472 3152 recta
489 3088 588 3167 sunt,
606 3089 648 3150 ut
670 3088 756 3150 sunt
773 3075 942 3172 plurima,
970 3077 1060 3150 trita
1083 3089 1170 3149 sunt

123 3206 162 3266 et
179 3192 282 3266 edita
298 3192 337 3264 in
354 3191 525 3265 omnibus
541 3190 619 3263 fere
639 3189 741 3262 libris
766 3189 1017 3280 arithmeticis,
1036 3201 1170 3286 praeter

123 3305 341 3401 algebraica‚
363 3329 446 3401 quae
468 3328 513 3377 ex
531 3301 738 3398 Oughtredi
759 3299 1169 3390 ClaveMattematiea,

124 3419 187 3492 ubi
204 3418 322 3492 multo
339 3418 486 3492 brevius
504 3429 543 3489 et
563 3415 725 3510 apertius
749 3413 958 3502 traduntur,
978 3413 1171 3510 desumpta

123 3545 221 3608 sunt.
273 3533 328 3606 Ea
355 3556 442 3605 vero
473 3554 555 3627 quae
585 3527 741 3602 Wallisii
772 3526 923 3623 propria
953 3536 1051 3616 sunt,
1079 3526 1172 3598 falsa

124 3659 221 3721 sunt.
276 3646 320 3719 ld
345 3644 445 3742 qnod
477 3645 588 3716 habet
617 3642 683 3714 sub
715 3641 861 3713 initium
889 3640 999 3734 hujus
1028 3638 1169 3734 capitis,

123 3784 256 3858 nempe
278 3760 359 3833 haec
376 3759 500 3846 verba,
524 3765 609 3828 sunt
634 3764 756 3827 autem
767 3752 990 3848 fractiones
1015 3776 1082 3824 seu
1107 3776 1171 3823 nu·

123 3875 218 3947 meri
229 3873 362 3971 fracti
385 3897 455 3944 non
480 3881 553 3944 tom
576 3867 716 3942 numeri
738 3890 847 3962 quum
873 3863 1029 3936 unitatis
1044 3863 1170 3960 frag-

123 3997 255 4076 menta,
284 4010 392 4059 suum
422 3997 490 4072 est,
522 3984 692 4076 idemque
725 3979 856 4051 falsum
890 3988 927 4048 et
957 3975 1169 4049 absurdum.

123 4101 222 4175 Num
240 4124 284 4172 eo
300 4099 379 4194 ipso
398 4096 497 4194 quud
510 4096 740 4193 fragmento
759 4102 856 4177 sunt,
862 4089 1171 4187 fragmentorum

122 4236 295 4288 numerus
330 4224 426 4285 sunt.
493 4210 623 4304 Neque
659 4207 756 4279 enim
791 4203 885 4276 ratio
928 4202 1004 4275 ulla
1037 4201 1171 4275 adduci

122 4339 243 4424 potest
284 4348 398 4420 quare
433 4323 565 4410 unciae,
602 4329 800 4406 sextantes,
835 4315 1001 4406 trientes,
1035 4317 1172 4400 besses,

1212 690 1357 792 :32
