<?xml version="1.0" encoding="UTF-8"?>
<!DOCTYPE html PUBLIC "-//W3C//DTD XHTML 1.0 Transitional//EN"
    "http://www.w3.org/TR/xhtml1/DTD/xhtml1-transitional.dtd">
<html xmlns="http://www.w3.org/1999/xhtml" xml:lang="en" lang="en">
 <head>
  <title>
</title>
<meta http-equiv="Content-Type" content="text/html;charset=utf-8" />
  <meta name='ocr-system' content='tesseract 3.04.00' />
  <meta name='ocr-capabilities' content='ocr_page ocr_carea ocr_par ocr_line ocrx_word'/>
</head>
<body>
  <div class='ocr_page' id='page_1' title='image "./thomhobbesmalme01hobbgoog_0239.png"; bbox 0 0 2946 5010; ppageno 0'>
   <div class='ocr_carea' id='block_1_1' title="bbox 295 371 1121 438">
    <p class='ocr_par' dir='ltr' id='par_1_1' title="bbox 295 371 1121 438">
     <span class='ocr_line' id='line_1_1' title="bbox 295 371 1121 438; baseline -0.005 0"><span class='ocrx_word' id='word_1_1' title='bbox 295 371 368 438; x_wconf 75' lang='lat'><strong>228</strong></span> <span class='ocrx_word' id='word_1_2' title='bbox 511 383 782 435; x_wconf 75' lang='lat' dir='ltr'><strong>uxathA‘rlo</strong></span> <span class='ocrx_word' id='word_1_3' title='bbox 802 384 854 435; x_wconf 78' lang='lat' dir='ltr'><strong>nr</strong></span> <span class='ocrx_word' id='word_1_4' title='bbox 873 383 1121 435; x_wconf 75' lang='lat' dir='ltr'><strong>nusnoamo</strong></span> 
     </span>
    </p>
   </div>
   <div class='ocr_carea' id='block_1_2' title="bbox 111 550 1344 648">
    <p class='ocr_par' dir='ltr' id='par_1_2' title="bbox 111 550 1344 648">
     <span class='ocr_line' id='line_1_2' title="bbox 111 550 1344 648; baseline 0.002 -30"><span class='ocrx_word' id='word_1_5' title='bbox 111 579 261 621; x_wconf 73' lang='lat' dir='ltr'><strong>mmoous</strong></span> <span class='ocrx_word' id='word_1_6' title='bbox 296 553 408 625; x_wconf 88' lang='lat' dir='ltr'><strong>etiam</strong></span> <span class='ocrx_word' id='word_1_7' title='bbox 425 552 504 638; x_wconf 89' lang='lat' dir='ltr'><strong>soli,</strong></span> <span class='ocrx_word' id='word_1_8' title='bbox 523 564 561 624; x_wconf 88' lang='lat' dir='ltr'><strong>et</strong></span> <span class='ocrx_word' id='word_1_9' title='bbox 591 553 748 648; x_wconf 90' lang='lat' dir='ltr'><strong>planetis</strong></span> <span class='ocrx_word' id='word_1_10' title='bbox 779 552 962 639; x_wconf 91' lang='lat' dir='ltr'><strong>omnibns,</strong></span> <span class='ocrx_word' id='word_1_11' title='bbox 987 564 1025 624; x_wconf 91' lang='lat' dir='ltr'><strong>et</strong></span> <span class='ocrx_word' id='word_1_12' title='bbox 1050 550 1203 646; x_wconf 88' lang='lat' dir='ltr'><strong>singulis</strong></span> <span class='ocrx_word' id='word_1_13' title='bbox 1226 550 1344 622; x_wconf 91' lang='lat' dir='ltr'><strong>etiam</strong></span> 
     </span>
    </p>
   </div>
   <div class='ocr_carea' id='block_1_3' title="bbox 110 660 253 766">
    <p class='ocr_par' dir='ltr' id='par_1_3' title="bbox 110 660 253 766">
     <span class='ocr_line' id='line_1_3' title="bbox 164 660 205 700; baseline 0.024 -1"><span class='ocrx_word' id='word_1_14' title='bbox 164 660 205 700; x_wconf 86' lang='lat' dir='ltr'><strong>V.</strong></span> 
     </span>
     <span class='ocr_line' id='line_1_4' title="bbox 110 661 253 766; baseline 0.007 -1"><span class='ocrx_word' id='word_1_15' title='bbox 110 661 253 766; x_wconf 55' lang='lat' dir='ltr'><strong>-L</strong></span> 
     </span>
    </p>
   </div>
   <div class='ocr_carea' id='block_1_4' title="bbox 294 664 1345 4378">
    <p class='ocr_par' dir='ltr' id='par_1_4' title="bbox 294 664 1344 1441">
     <span class='ocr_line' id='line_1_5' title="bbox 295 664 1344 762; baseline -0.005 -22"><span class='ocrx_word' id='word_1_16' title='bbox 295 666 455 740; x_wconf 87' lang='lat' dir='ltr'><strong>minimis</strong></span> <span class='ocrx_word' id='word_1_17' title='bbox 482 689 611 738; x_wconf 88' lang='lat' dir='ltr'><strong>eorum</strong></span> <span class='ocrx_word' id='word_1_18' title='bbox 641 667 819 762; x_wconf 82' lang='lat' dir='ltr'><strong>partibus</strong></span> <span class='ocrx_word' id='word_1_19' title='bbox 872 666 992 738; x_wconf 89' lang='lat' dir='ltr'><strong>Aliam</strong></span> <span class='ocrx_word' id='word_1_20' title='bbox 1024 664 1188 760; x_wconf 90' lang='lat' dir='ltr'><strong>ejusdem</strong></span> <span class='ocrx_word' id='word_1_21' title='bbox 1216 681 1344 736; x_wconf 90' lang='lat' dir='ltr'><strong>motus</strong></span> 
     </span>
     <span class='ocr_line' id='line_1_6' title="bbox 294 779 1344 877; baseline -0.005 -24"><span class='ocrx_word' id='word_1_22' title='bbox 294 780 555 877; x_wconf 81' lang='lat' dir='ltr'>proprietatem</span> <span class='ocrx_word' id='word_1_23' title='bbox 581 779 743 852; x_wconf 84' lang='lat' dir='ltr'><strong>ostendit</strong></span> <span class='ocrx_word' id='word_1_24' title='bbox 771 804 862 866; x_wconf 89' lang='lat' dir='ltr'><strong>esse,</strong></span> <span class='ocrx_word' id='word_1_25' title='bbox 882 779 980 874; x_wconf 92' lang='lat' dir='ltr'><strong>quod</strong></span> <span class='ocrx_word' id='word_1_26' title='bbox 1007 779 1253 874; x_wconf 88' lang='lat' dir='ltr'><strong>heterogenea</strong></span> <span class='ocrx_word' id='word_1_27' title='bbox 1284 801 1344 849; x_wconf 86' lang='lat' dir='ltr'><strong>se·</strong></span> 
     </span>
     <span class='ocr_line' id='line_1_7' title="bbox 294 892 1342 990; baseline -0.003 -25"><span class='ocrx_word' id='word_1_28' title='bbox 294 916 452 990; x_wconf 84' lang='lat' dir='ltr'><strong>gregans</strong></span> <span class='ocrx_word' id='word_1_29' title='bbox 466 907 669 990; x_wconf 87' lang='lat' dir='ltr'><strong>congregat</strong></span> <span class='ocrx_word' id='word_1_30' title='bbox 685 895 924 988; x_wconf 90' lang='lat' dir='ltr'><strong>homogenea.</strong></span> <span class='ocrx_word' id='word_1_31' title='bbox 975 894 1099 989; x_wconf 85' lang='lat' dir='ltr'>Atque</span> <span class='ocrx_word' id='word_1_32' title='bbox 1118 916 1163 964; x_wconf 91' lang='lat' dir='ltr'><strong>ex</strong></span> <span class='ocrx_word' id='word_1_33' title='bbox 1179 892 1236 964; x_wconf 91' lang='lat' dir='ltr'><strong>his</strong></span> <span class='ocrx_word' id='word_1_34' title='bbox 1253 913 1342 986; x_wconf 91' lang='lat' dir='ltr'><strong>pro-</strong></span> 
     </span>
     <span class='ocr_line' id='line_1_8' title="bbox 294 1006 1342 1103; baseline -0.001 -25"><span class='ocrx_word' id='word_1_35' title='bbox 294 1006 512 1103; x_wconf 91' lang='lat' dir='ltr'><strong>prietatibus</strong></span> <span class='ocrx_word' id='word_1_36' title='bbox 523 1030 652 1080; x_wconf 84' lang='lat' dir='ltr'>causas</span> <span class='ocrx_word' id='word_1_37' title='bbox 664 1007 784 1080; x_wconf 85' lang='lat' dir='ltr'><strong>reddit</strong></span> <span class='ocrx_word' id='word_1_38' title='bbox 798 1008 960 1080; x_wconf 93' lang='lat' dir='ltr'><strong>omnium</strong></span> <span class='ocrx_word' id='word_1_39' title='bbox 979 1006 1056 1079; x_wconf 86' lang='lat' dir='ltr'><strong>fere</strong></span> <span class='ocrx_word' id='word_1_40' title='bbox 1066 1006 1342 1103; x_wconf 76' lang='lat' dir='ltr'><strong>phaenomenon</strong></span> 
     </span>
     <span class='ocr_line' id='line_1_9' title="bbox 295 1119 1343 1215; baseline -0.002 -23"><span class='ocrx_word' id='word_1_41' title='bbox 295 1119 518 1192; x_wconf 84' lang='lat' dir='ltr'><strong>naturalium</strong></span> <span class='ocrx_word' id='word_1_42' title='bbox 544 1121 633 1193; x_wconf 87' lang='lat' dir='ltr'><strong>satis</strong></span> <span class='ocrx_word' id='word_1_43' title='bbox 658 1120 876 1215; x_wconf 64' lang='lat' dir='ltr'><strong>probabiles</strong></span> <span class='ocrx_word' id='word_1_44' title='bbox 895 1133 1016 1193; x_wconf 89' lang='lat' dir='ltr'><strong>tantas</strong></span> <span class='ocrx_word' id='word_1_45' title='bbox 1033 1121 1169 1214; x_wconf 86' lang='lat' dir='ltr'><strong>ubique</strong></span> <span class='ocrx_word' id='word_1_46' title='bbox 1196 1120 1343 1214; x_wconf 87' lang='lat' dir='ltr'><strong>magni-</strong></span> 
     </span>
     <span class='ocr_line' id='line_1_10' title="bbox 296 1231 1342 1328; baseline 0 -24"><span class='ocrx_word' id='word_1_47' title='bbox 296 1231 443 1304; x_wconf 89' lang='lat' dir='ltr'><strong>tudines</strong></span> <span class='ocrx_word' id='word_1_48' title='bbox 461 1245 499 1304; x_wconf 91' lang='lat' dir='ltr'><strong>et</strong></span> <span class='ocrx_word' id='word_1_49' title='bbox 516 1233 727 1306; x_wconf 80' lang='lat' dir='ltr'><strong>velocitates</strong></span> <span class='ocrx_word' id='word_1_50' title='bbox 749 1257 971 1328; x_wconf 78' lang='lat' dir='ltr'><strong>supponem,</strong></span> <span class='ocrx_word' id='word_1_51' title='bbox 989 1248 1146 1328; x_wconf 88' lang='lat' dir='ltr'><strong>quantas</strong></span> <span class='ocrx_word' id='word_1_52' title='bbox 1174 1233 1342 1317; x_wconf 87' lang='lat' dir='ltr'><strong>effectus,</strong></span> 
     </span>
     <span class='ocr_line' id='line_1_11' title="bbox 296 1346 926 1441; baseline 0.005 -25"><span class='ocrx_word' id='word_1_53' title='bbox 296 1346 401 1439; x_wconf 86' lang='lat' dir='ltr'><strong>cujus</strong></span> <span class='ocrx_word' id='word_1_54' title='bbox 420 1369 531 1418; x_wconf 88' lang='lat' dir='ltr'><strong>causa</strong></span> <span class='ocrx_word' id='word_1_55' title='bbox 548 1346 737 1441; x_wconf 89' lang='lat' dir='ltr'><strong>quaeritur,</strong></span> <span class='ocrx_word' id='word_1_56' title='bbox 752 1347 926 1441; x_wconf 88' lang='lat' dir='ltr'><strong>postulat.</strong></span> 
     </span>
    </p>

    <p class='ocr_par' dir='ltr' id='par_1_5' title="bbox 296 1456 1342 2211">
     <span class='ocr_line' id='line_1_12' title="bbox 348 1456 1342 1554; baseline 0.002 -26"><span class='ocrx_word' id='word_1_57' title='bbox 348 1456 396 1529; x_wconf 88' lang='lat' dir='ltr'><strong>B.</strong></span> <span class='ocrx_word' id='word_1_58' title='bbox 425 1456 527 1529; x_wconf 93' lang='lat' dir='ltr'><strong>Nihil</strong></span> <span class='ocrx_word' id='word_1_59' title='bbox 545 1481 568 1529; x_wconf 90' lang='lat' dir='ltr'><strong>a</strong></span> <span class='ocrx_word' id='word_1_60' title='bbox 586 1458 759 1553; x_wconf 91' lang='lat' dir='ltr'><strong>physicis,</strong></span> <span class='ocrx_word' id='word_1_61' title='bbox 778 1481 935 1554; x_wconf 91' lang='lat' dir='ltr'><strong>quorum</strong></span> <span class='ocrx_word' id='word_1_62' title='bbox 961 1458 1153 1554; x_wconf 90' lang='lat' dir='ltr'><strong>principia,</strong></span> <span class='ocrx_word' id='word_1_63' title='bbox 1181 1467 1223 1528; x_wconf 92' lang='lat' dir='ltr'><strong>ut</strong></span> <span class='ocrx_word' id='word_1_64' title='bbox 1251 1482 1342 1553; x_wconf 89' lang='lat' dir='ltr'><strong>geo-</strong></span> 
     </span>
     <span class='ocr_line' id='line_1_13' title="bbox 296 1571 1341 1666; baseline 0.001 -24"><span class='ocrx_word' id='word_1_65' title='bbox 296 1582 509 1658; x_wconf 90' lang='lat' dir='ltr'><strong>metrarum,</strong></span> <span class='ocrx_word' id='word_1_66' title='bbox 520 1571 670 1666; x_wconf 91' lang='lat' dir='ltr'><strong>proprio</strong></span> <span class='ocrx_word' id='word_1_67' title='bbox 683 1572 836 1644; x_wconf 90' lang='lat' dir='ltr'><strong>arbitrio</strong></span> <span class='ocrx_word' id='word_1_68' title='bbox 850 1584 952 1644; x_wconf 90' lang='lat' dir='ltr'><strong>certa</strong></span> <span class='ocrx_word' id='word_1_69' title='bbox 962 1572 1075 1644; x_wconf 82' lang='lat' dir='ltr'><strong>statui</strong></span> <span class='ocrx_word' id='word_1_70' title='bbox 1085 1595 1159 1643; x_wconf 92' lang='lat' dir='ltr'><strong>uon</strong></span> <span class='ocrx_word' id='word_1_71' title='bbox 1174 1582 1341 1666; x_wconf 88' lang='lat' dir='ltr'><strong>possunt,</strong></span> 
     </span>
     <span class='ocr_line' id='line_1_14' title="bbox 297 1684 1341 1779; baseline 0 -24"><span class='ocrx_word' id='word_1_72' title='bbox 297 1684 453 1778; x_wconf 89' lang='lat' dir='ltr'><strong>amplius</strong></span> <span class='ocrx_word' id='word_1_73' title='bbox 480 1684 740 1779; x_wconf 90' lang='lat' dir='ltr'><strong>requirendum</strong></span> <span class='ocrx_word' id='word_1_74' title='bbox 765 1697 832 1772; x_wconf 89' lang='lat' dir='ltr'><strong>est,</strong></span> <span class='ocrx_word' id='word_1_75' title='bbox 861 1709 971 1779; x_wconf 92' lang='lat' dir='ltr'><strong>quam</strong></span> <span class='ocrx_word' id='word_1_76' title='bbox 999 1697 1041 1757; x_wconf 94' lang='lat' dir='ltr'><strong>ut</strong></span> <span class='ocrx_word' id='word_1_77' title='bbox 1068 1707 1188 1756; x_wconf 88' lang='lat' dir='ltr'><strong>oausae</strong></span> <span class='ocrx_word' id='word_1_78' title='bbox 1214 1707 1341 1755; x_wconf 90' lang='lat' dir='ltr'><strong>rerum</strong></span> 
     </span>
     <span class='ocr_line' id='line_1_15' title="bbox 296 1797 1341 1894; baseline -0.003 -24"><span class='ocrx_word' id='word_1_79' title='bbox 296 1798 388 1870; x_wconf 88' lang='lat' dir='ltr'><strong>tales</strong></span> <span class='ocrx_word' id='word_1_80' title='bbox 404 1821 480 1870; x_wconf 87' lang='lat' dir='ltr'><strong>esse</strong></span> <span class='ocrx_word' id='word_1_81' title='bbox 498 1799 650 1892; x_wconf 85' lang='lat' dir='ltr'><strong>possint.</strong></span> <span class='ocrx_word' id='word_1_82' title='bbox 704 1799 833 1894; x_wconf 89' lang='lat' dir='ltr'><strong>Itaque</strong></span> <span class='ocrx_word' id='word_1_83' title='bbox 845 1799 997 1894; x_wconf 92' lang='lat' dir='ltr'><strong>physica</strong></span> <span class='ocrx_word' id='word_1_84' title='bbox 1014 1798 1076 1870; x_wconf 92' lang='lat' dir='ltr'><strong>illa</strong></span> <span class='ocrx_word' id='word_1_85' title='bbox 1094 1797 1231 1870; x_wconf 91' lang='lat' dir='ltr'><strong>Hobbii</strong></span> <span class='ocrx_word' id='word_1_86' title='bbox 1245 1807 1341 1868; x_wconf 88' lang='lat' dir='ltr'><strong>tam-</strong></span> 
     </span>
     <span class='ocr_line' id='line_1_16' title="bbox 298 1909 1341 2007; baseline -0.004 -23"><span class='ocrx_word' id='word_1_87' title='bbox 298 1910 361 1984; x_wconf 90' lang='lat' dir='ltr'><strong>diu</strong></span> <span class='ocrx_word' id='word_1_88' title='bbox 379 1912 621 2007; x_wconf 90' lang='lat' dir='ltr'><strong>improbanda</strong></span> <span class='ocrx_word' id='word_1_89' title='bbox 634 1935 708 1984; x_wconf 93' lang='lat' dir='ltr'><strong>non</strong></span> <span class='ocrx_word' id='word_1_90' title='bbox 726 1926 794 1996; x_wconf 86' lang='lat' dir='ltr'><strong>est,</strong></span> <span class='ocrx_word' id='word_1_91' title='bbox 813 1911 984 2006; x_wconf 91' lang='lat' dir='ltr'><strong>quamdiu</strong></span> <span class='ocrx_word' id='word_1_92' title='bbox 1004 1936 1112 1983; x_wconf 93' lang='lat' dir='ltr'><strong>nemo</strong></span> <span class='ocrx_word' id='word_1_93' title='bbox 1137 1909 1341 1983; x_wconf 90' lang='lat' dir='ltr'><strong>eorundem</strong></span> 
     </span>
     <span class='ocr_line' id='line_1_17' title="bbox 296 2023 1341 2120; baseline -0.003 -24"><span class='ocrx_word' id='word_1_94' title='bbox 296 2024 493 2097; x_wconf 91' lang='lat' dir='ltr'><strong>effectuum</strong></span> <span class='ocrx_word' id='word_1_95' title='bbox 511 2047 577 2120; x_wconf 91' lang='lat' dir='ltr'><strong>per</strong></span> <span class='ocrx_word' id='word_1_96' title='bbox 604 2023 695 2096; x_wconf 92' lang='lat' dir='ltr'><strong>alios</strong></span> <span class='ocrx_word' id='word_1_97' title='bbox 725 2037 847 2097; x_wconf 90' lang='lat' dir='ltr'><strong>motus</strong></span> <span class='ocrx_word' id='word_1_98' title='bbox 875 2049 1004 2097; x_wconf 92' lang='lat' dir='ltr'><strong>causas</strong></span> <span class='ocrx_word' id='word_1_99' title='bbox 1028 2023 1230 2096; x_wconf 86' lang='lat' dir='ltr'><strong>reddiderit</strong></span> <span class='ocrx_word' id='word_1_100' title='bbox 1253 2045 1341 2118; x_wconf 92' lang='lat' dir='ltr'><strong>pro-</strong></span> 
     </span>
     <span class='ocr_line' id='line_1_18' title="bbox 296 2138 505 2211; baseline -0.005 -1"><span class='ocrx_word' id='word_1_101' title='bbox 296 2138 505 2211; x_wconf 86' lang='lat' dir='ltr'><strong>habiliores.</strong></span> 
     </span>
    </p>

    <p class='ocr_par' dir='ltr' id='par_1_6' title="bbox 295 2248 1344 3020">
     <span class='ocr_line' id='line_1_19' title="bbox 347 2248 1343 2346; baseline -0.002 -22"><span class='ocrx_word' id='word_1_102' title='bbox 347 2252 395 2324; x_wconf 84' lang='grc' dir='ltr'><strong>Α.</strong></span> <span class='ocrx_word' id='word_1_103' title='bbox 424 2250 468 2323; x_wconf 96' lang='lat' dir='ltr'><strong>ld</strong></span> <span class='ocrx_word' id='word_1_104' title='bbox 494 2249 595 2344; x_wconf 93' lang='lat' dir='ltr'><strong>quod</strong></span> <span class='ocrx_word' id='word_1_105' title='bbox 620 2274 820 2346; x_wconf 77' lang='lat' dir='ltr'><strong>nunquam,</strong></span> <span class='ocrx_word' id='word_1_106' title='bbox 839 2250 961 2339; x_wconf 91' lang='lat' dir='ltr'><strong>credo,</strong></span> <span class='ocrx_word' id='word_1_107' title='bbox 979 2252 1055 2323; x_wconf 92' lang='lat' dir='ltr'><strong>fiet.</strong></span> <span class='ocrx_word' id='word_1_108' title='bbox 1107 2248 1205 2321; x_wconf 92' lang='lat' dir='ltr'><strong>Nam</strong></span> <span class='ocrx_word' id='word_1_109' title='bbox 1228 2272 1343 2322; x_wconf 87' lang='lat' dir='ltr'><strong>causa</strong></span> 
     </span>
     <span class='ocr_line' id='line_1_20' title="bbox 295 2362 1340 2457; baseline -0.004 -21"><span class='ocrx_word' id='word_1_110' title='bbox 295 2363 474 2436; x_wconf 89' lang='lat' dir='ltr'><strong>naturalis</strong></span> <span class='ocrx_word' id='word_1_111' title='bbox 501 2362 620 2434; x_wconf 89' lang='lat' dir='ltr'><strong>omnis</strong></span> <span class='ocrx_word' id='word_1_112' title='bbox 647 2363 702 2434; x_wconf 86' lang='lat' dir='ltr'><strong>rei</strong></span> <span class='ocrx_word' id='word_1_113' title='bbox 725 2375 781 2434; x_wconf 93' lang='lat' dir='ltr'><strong>est</strong></span> <span class='ocrx_word' id='word_1_114' title='bbox 805 2376 925 2435; x_wconf 92' lang='lat' dir='ltr'><strong>motus</strong></span> <span class='ocrx_word' id='word_1_115' title='bbox 950 2362 1092 2457; x_wconf 90' lang='lat' dir='ltr'><strong>aliquis.</strong></span> <span class='ocrx_word' id='word_1_116' title='bbox 1145 2362 1177 2433; x_wconf 92' lang='lat' dir='ltr'><strong>Ii</strong></span> <span class='ocrx_word' id='word_1_117' title='bbox 1203 2371 1340 2450; x_wconf 91' lang='lat' dir='ltr'><strong>autem,</strong></span> 
     </span>
     <span class='ocr_line' id='line_1_21' title="bbox 297 2475 1341 2572; baseline -0.001 -24"><span class='ocrx_word' id='word_1_118' title='bbox 297 2477 360 2572; x_wconf 89' lang='lat' dir='ltr'><strong>qui</strong></span> <span class='ocrx_word' id='word_1_119' title='bbox 376 2475 617 2571; x_wconf 75' lang='lat' dir='ltr'><strong>philosophiae</strong></span> <span class='ocrx_word' id='word_1_120' title='bbox 636 2475 793 2546; x_wconf 87' lang='lat' dir='ltr'><strong>maxime</strong></span> <span class='ocrx_word' id='word_1_121' title='bbox 823 2500 921 2547; x_wconf 91' lang='lat' dir='ltr'><strong>nunc</strong></span> <span class='ocrx_word' id='word_1_122' title='bbox 950 2476 1140 2548; x_wconf 89' lang='lat' dir='ltr'><strong>studentes</strong></span> <span class='ocrx_word' id='word_1_123' title='bbox 1168 2488 1341 2547; x_wconf 88' lang='lat' dir='ltr'><strong>naturam</strong></span> 
     </span>
     <span class='ocr_line' id='line_1_22' title="bbox 296 2588 1342 2682; baseline 0 -22"><span class='ocrx_word' id='word_1_124' title='bbox 296 2601 418 2660; x_wconf 90' lang='lat' dir='ltr'><strong>motus</strong></span> <span class='ocrx_word' id='word_1_125' title='bbox 432 2589 582 2660; x_wconf 92' lang='lat' dir='ltr'><strong>minime</strong></span> <span class='ocrx_word' id='word_1_126' title='bbox 601 2588 838 2682; x_wconf 89' lang='lat' dir='ltr'><strong>contemplati</strong></span> <span class='ocrx_word' id='word_1_127' title='bbox 857 2602 953 2678; x_wconf 88' lang='lat' dir='ltr'><strong>sunt,</strong></span> <span class='ocrx_word' id='word_1_128' title='bbox 973 2590 1010 2660; x_wconf 90' lang='lat' dir='ltr'><strong>in</strong></span> <span class='ocrx_word' id='word_1_129' title='bbox 1028 2591 1123 2661; x_wconf 89' lang='lat' dir='ltr'><strong>hanc</strong></span> <span class='ocrx_word' id='word_1_130' title='bbox 1136 2612 1246 2659; x_wconf 90' lang='lat' dir='ltr'><strong>unam</strong></span> <span class='ocrx_word' id='word_1_131' title='bbox 1260 2612 1342 2660; x_wconf 95' lang='lat' dir='ltr'><strong>rem</strong></span> 
     </span>
     <span class='ocr_line' id='line_1_23' title="bbox 297 2700 1342 2797; baseline -0.001 -24"><span class='ocrx_word' id='word_1_132' title='bbox 297 2700 527 2788; x_wconf 89' lang='lat' dir='ltr'><strong>incumbunt,</strong></span> <span class='ocrx_word' id='word_1_133' title='bbox 548 2713 590 2772; x_wconf 94' lang='lat' dir='ltr'><strong>ut</strong></span> <span class='ocrx_word' id='word_1_134' title='bbox 618 2725 713 2772; x_wconf 87' lang='lat' dir='ltr'><strong>nova</strong></span> <span class='ocrx_word' id='word_1_135' title='bbox 740 2702 934 2795; x_wconf 84' lang='lat' dir='ltr'><strong>acquirant</strong></span> <span class='ocrx_word' id='word_1_136' title='bbox 961 2703 1226 2797; x_wconf 79' lang='lat' dir='ltr'><strong>phaenomena3</strong></span> <span class='ocrx_word' id='word_1_137' title='bbox 1255 2727 1342 2772; x_wconf 86' lang='lat' dir='ltr'><strong>cum</strong></span> 
     </span>
     <span class='ocr_line' id='line_1_24' title="bbox 296 2814 1344 2908; baseline 0.001 -24"><span class='ocrx_word' id='word_1_138' title='bbox 296 2814 540 2908; x_wconf 85' lang='lat' dir='ltr'><strong>phaenomena</strong></span> <span class='ocrx_word' id='word_1_139' title='bbox 558 2814 635 2884; x_wconf 88' lang='lat' dir='ltr'><strong>sola</strong></span> <span class='ocrx_word' id='word_1_140' title='bbox 653 2814 888 2907; x_wconf 88' lang='lat' dir='ltr'><strong>experiendo,</strong></span> <span class='ocrx_word' id='word_1_141' title='bbox 908 2840 1028 2887; x_wconf 75' lang='lat' dir='ltr'><strong>causae</strong></span> <span class='ocrx_word' id='word_1_142' title='bbox 1046 2814 1299 2887; x_wconf 88' lang='lat' dir='ltr'><strong>ratiocinando</strong></span> <span class='ocrx_word' id='word_1_143' title='bbox 1320 2840 1344 2886; x_wconf 93' lang='lat' dir='ltr'><strong>a</strong></span> 
     </span>
     <span class='ocr_line' id='line_1_25' title="bbox 297 2926 799 3020; baseline 0 -23"><span class='ocrx_word' id='word_1_144' title='bbox 297 2939 401 2997; x_wconf 90' lang='lat' dir='ltr'><strong>motu</strong></span> <span class='ocrx_word' id='word_1_145' title='bbox 420 2926 686 3020; x_wconf 87' lang='lat' dir='ltr'><strong>cognosceudae</strong></span> <span class='ocrx_word' id='word_1_146' title='bbox 701 2939 799 2998; x_wconf 88' lang='lat' dir='ltr'><strong>suut.</strong></span> 
     </span>
    </p>

    <p class='ocr_par' dir='ltr' id='par_1_7' title="bbox 296 3039 1345 3589">
     <span class='ocr_line' id='line_1_26' title="bbox 349 3039 1344 3134; baseline 0.004 -24"><span class='ocrx_word' id='word_1_147' title='bbox 349 3039 398 3111; x_wconf 89' lang='lat' dir='ltr'><strong>B.</strong></span> <span class='ocrx_word' id='word_1_148' title='bbox 427 3039 501 3112; x_wconf 76' lang='lat' dir='ltr'><strong>Qui</strong></span> <span class='ocrx_word' id='word_1_149' title='bbox 533 3064 689 3133; x_wconf 88' lang='lat' dir='ltr'><strong>corpora</strong></span> <span class='ocrx_word' id='word_1_150' title='bbox 707 3041 919 3134; x_wconf 91' lang='lat' dir='ltr'><strong>corporibus</strong></span> <span class='ocrx_word' id='word_1_151' title='bbox 941 3040 1173 3112; x_wconf 87' lang='lat' dir='ltr'><strong>admovendo</strong></span> <span class='ocrx_word' id='word_1_152' title='bbox 1191 3064 1287 3111; x_wconf 88' lang='lat' dir='ltr'><strong>nova</strong></span> <span class='ocrx_word' id='word_1_153' title='bbox 1304 3055 1344 3114; x_wconf 91' lang='lat' dir='ltr'><strong>et</strong></span> 
     </span>
     <span class='ocr_line' id='line_1_27' title="bbox 296 3152 1345 3248; baseline 0.003 -25"><span class='ocrx_word' id='word_1_154' title='bbox 296 3152 479 3224; x_wconf 89' lang='lat' dir='ltr'><strong>mirabilia</strong></span> <span class='ocrx_word' id='word_1_155' title='bbox 492 3154 691 3225; x_wconf 90' lang='lat' dir='ltr'><strong>ostendunt</strong></span> <span class='ocrx_word' id='word_1_156' title='bbox 701 3166 842 3225; x_wconf 86' lang='lat' dir='ltr'><strong>naturae</strong></span> <span class='ocrx_word' id='word_1_157' title='bbox 857 3177 980 3248; x_wconf 90' lang='lat' dir='ltr'><strong>opera,</strong></span> <span class='ocrx_word' id='word_1_158' title='bbox 995 3155 1129 3226; x_wconf 90' lang='lat' dir='ltr'><strong>mirum</strong></span> <span class='ocrx_word' id='word_1_159' title='bbox 1143 3156 1180 3226; x_wconf 93' lang='lat' dir='ltr'><strong>in</strong></span> <span class='ocrx_word' id='word_1_160' title='bbox 1191 3154 1345 3227; x_wconf 92' lang='lat' dir='ltr'><strong>modum</strong></span> 
     </span>
     <span class='ocr_line' id='line_1_28' title="bbox 296 3266 1345 3363; baseline 0.005 -27"><span class='ocrx_word' id='word_1_161' title='bbox 296 3266 502 3339; x_wconf 90' lang='lat' dir='ltr'><strong>incendunt</strong></span> <span class='ocrx_word' id='word_1_162' title='bbox 518 3268 659 3339; x_wconf 89' lang='lat' dir='ltr'><strong>animos</strong></span> <span class='ocrx_word' id='word_1_163' title='bbox 677 3268 868 3339; x_wconf 89' lang='lat' dir='ltr'><strong>hominum</strong></span> <span class='ocrx_word' id='word_1_164' title='bbox 895 3292 1018 3340; x_wconf 90' lang='lat' dir='ltr'><strong>amore</strong></span> <span class='ocrx_word' id='word_1_165' title='bbox 1036 3269 1289 3363; x_wconf 69' lang='lat' dir='ltr'><strong>philosophiae,</strong></span> <span class='ocrx_word' id='word_1_166' title='bbox 1304 3284 1345 3341; x_wconf 89' lang='lat' dir='ltr'><strong>et</strong></span> 
     </span>
     <span class='ocr_line' id='line_1_29' title="bbox 297 3379 1343 3476; baseline 0.003 -24"><span class='ocrx_word' id='word_1_167' title='bbox 297 3379 344 3451; x_wconf 92' lang='lat' dir='ltr'><strong>ad</strong></span> <span class='ocrx_word' id='word_1_168' title='bbox 363 3405 491 3453; x_wconf 88' lang='lat' dir='ltr'><strong>causas</strong></span> <span class='ocrx_word' id='word_1_169' title='bbox 503 3381 774 3476; x_wconf 86' lang='lat' dir='ltr'><strong>investigandas</strong></span> <span class='ocrx_word' id='word_1_170' title='bbox 792 3406 866 3454; x_wconf 95' lang='lat' dir='ltr'><strong>non</strong></span> <span class='ocrx_word' id='word_1_171' title='bbox 877 3406 1007 3476; x_wconf 90' lang='lat' dir='ltr'><strong>parum</strong></span> <span class='ocrx_word' id='word_1_172' title='bbox 1019 3382 1207 3476; x_wconf 83' lang='lat' dir='ltr'><strong>instigant,</strong></span> <span class='ocrx_word' id='word_1_173' title='bbox 1222 3405 1343 3475; x_wconf 89' lang='lat' dir='ltr'><strong>eoque</strong></span> 
     </span>
     <span class='ocr_line' id='line_1_30' title="bbox 297 3494 802 3589; baseline 0.004 -24"><span class='ocrx_word' id='word_1_174' title='bbox 297 3495 443 3566; x_wconf 90' lang='lat' dir='ltr'><strong>nomine</strong></span> <span class='ocrx_word' id='word_1_175' title='bbox 462 3494 569 3566; x_wconf 89' lang='lat' dir='ltr'><strong>laude</strong></span> <span class='ocrx_word' id='word_1_176' title='bbox 588 3495 688 3589; x_wconf 83' lang='lat' dir='ltr'><strong>digni</strong></span> <span class='ocrx_word' id='word_1_177' title='bbox 707 3507 802 3567; x_wconf 91' lang='lat' dir='ltr'><strong>sunt.</strong></span> 
     </span>
    </p>

    <p class='ocr_par' dir='ltr' id='par_1_8' title="bbox 298 3606 1345 4378">
     <span class='ocr_line' id='line_1_31' title="bbox 347 3606 1345 3702; baseline 0.002 -24"><span class='ocrx_word' id='word_1_178' title='bbox 347 3606 396 3678; x_wconf 85' lang='lat' dir='ltr'><strong>A.</strong></span> <span class='ocrx_word' id='word_1_179' title='bbox 425 3607 576 3690; x_wconf 80' lang='lat' dir='ltr'><strong>Itaest3</strong></span> <span class='ocrx_word' id='word_1_180' title='bbox 603 3630 689 3679; x_wconf 89' lang='lat' dir='ltr'><strong>nam</strong></span> <span class='ocrx_word' id='word_1_181' title='bbox 706 3608 896 3680; x_wconf 88' lang='lat' dir='ltr'><strong>historiam</strong></span> <span class='ocrx_word' id='word_1_182' title='bbox 920 3608 1136 3696; x_wconf 86' lang='lat' dir='ltr'><strong>naturalem,</strong></span> <span class='ocrx_word' id='word_1_183' title='bbox 1165 3609 1242 3679; x_wconf 89' lang='lat' dir='ltr'><strong>sine</strong></span> <span class='ocrx_word' id='word_1_184' title='bbox 1268 3632 1345 3702; x_wconf 86' lang='lat' dir='ltr'><strong>qua</strong></span> 
     </span>
     <span class='ocr_line' id='line_1_32' title="bbox 298 3720 1342 3815; baseline 0.003 -24"><span class='ocrx_word' id='word_1_185' title='bbox 298 3720 452 3792; x_wconf 91' lang='lat' dir='ltr'><strong>scientia</strong></span> <span class='ocrx_word' id='word_1_186' title='bbox 485 3720 664 3793; x_wconf 89' lang='lat' dir='ltr'><strong>naturalis</strong></span> <span class='ocrx_word' id='word_1_187' title='bbox 704 3721 843 3793; x_wconf 83' lang='lat' dir='ltr'><strong>frustra</strong></span> <span class='ocrx_word' id='word_1_188' title='bbox 878 3721 1067 3815; x_wconf 87' lang='lat' dir='ltr'><strong>quaeritur,</strong></span> <span class='ocrx_word' id='word_1_189' title='bbox 1102 3720 1342 3815; x_wconf 89' lang='lat' dir='ltr'><strong>locupletant.</strong></span> 
     </span>
     <span class='ocr_line' id='line_1_33' title="bbox 299 3833 1345 3928; baseline 0 -23"><span class='ocrx_word' id='word_1_190' title='bbox 299 3833 372 3906; x_wconf 88' lang='lat' dir='ltr'><strong>Sed</strong></span> <span class='ocrx_word' id='word_1_191' title='bbox 389 3833 525 3905; x_wconf 92' lang='lat' dir='ltr'><strong>intueri</strong></span> <span class='ocrx_word' id='word_1_192' title='bbox 543 3844 580 3905; x_wconf 93' lang='lat' dir='ltr'><strong>et</strong></span> <span class='ocrx_word' id='word_1_193' title='bbox 597 3833 771 3905; x_wconf 87' lang='lat' dir='ltr'><strong>admirari</strong></span> <span class='ocrx_word' id='word_1_194' title='bbox 785 3845 925 3904; x_wconf 85' lang='lat' dir='ltr'><strong>naturae</strong></span> <span class='ocrx_word' id='word_1_195' title='bbox 944 3857 1065 3927; x_wconf 90' lang='lat' dir='ltr'><strong>opera,</strong></span> <span class='ocrx_word' id='word_1_196' title='bbox 1084 3847 1126 3905; x_wconf 90' lang='lat' dir='ltr'><strong>ut</strong></span> <span class='ocrx_word' id='word_1_197' title='bbox 1154 3858 1244 3928; x_wconf 90' lang='lat' dir='ltr'><strong>puer</strong></span> <span class='ocrx_word' id='word_1_198' title='bbox 1260 3834 1345 3928; x_wconf 88' lang='lat' dir='ltr'><strong>pul-</strong></span> 
     </span>
     <span class='ocr_line' id='line_1_34' title="bbox 298 3945 1344 4040; baseline 0.001 -23"><span class='ocrx_word' id='word_1_199' title='bbox 298 3946 546 4019; x_wconf 89' lang='lat' dir='ltr'><strong>chritudinem</strong></span> <span class='ocrx_word' id='word_1_200' title='bbox 564 3946 648 4018; x_wconf 89' lang='lat' dir='ltr'><strong>libri</strong></span> <span class='ocrx_word' id='word_1_201' title='bbox 673 3947 755 4040; x_wconf 91' lang='lat' dir='ltr'><strong>plus</strong></span> <span class='ocrx_word' id='word_1_202' title='bbox 774 3945 1043 4039; x_wconf 89' lang='lat' dir='ltr'><strong>contemplatur</strong></span> <span class='ocrx_word' id='word_1_203' title='bbox 1062 3970 1173 4039; x_wconf 88' lang='lat' dir='ltr'><strong>quam</strong></span> <span class='ocrx_word' id='word_1_204' title='bbox 1203 3947 1344 4035; x_wconf 79' lang='lat' dir='ltr'><strong>literaS,</strong></span> 
     </span>
     <span class='ocr_line' id='line_1_35' title="bbox 298 4057 1344 4153; baseline 0.002 -25"><span class='ocrx_word' id='word_1_205' title='bbox 298 4081 373 4129; x_wconf 92' lang='lat' dir='ltr'><strong>non</strong></span> <span class='ocrx_word' id='word_1_206' title='bbox 400 4069 455 4130; x_wconf 90' lang='lat' dir='ltr'><strong>est</strong></span> <span class='ocrx_word' id='word_1_207' title='bbox 478 4058 637 4130; x_wconf 89' lang='lat' dir='ltr'><strong>hominis</strong></span> <span class='ocrx_word' id='word_1_208' title='bbox 661 4059 892 4153; x_wconf 89' lang='lat' dir='ltr'><strong>philosopbi;</strong></span> <span class='ocrx_word' id='word_1_209' title='bbox 920 4057 957 4128; x_wconf 92' lang='lat' dir='ltr'><strong>id</strong></span> <span class='ocrx_word' id='word_1_210' title='bbox 983 4059 1082 4153; x_wconf 89' lang='lat' dir='ltr'><strong>quod</strong></span> <span class='ocrx_word' id='word_1_211' title='bbox 1109 4059 1248 4130; x_wconf 81' lang='lat' dir='ltr'><strong>faciunt</strong></span> <span class='ocrx_word' id='word_1_212' title='bbox 1279 4061 1344 4152; x_wconf 87' lang='lat' dir='ltr'><strong>qui</strong></span> 
     </span>
     <span class='ocr_line' id='line_1_36' title="bbox 298 4170 1343 4266; baseline 0.003 -26"><span class='ocrx_word' id='word_1_213' title='bbox 298 4170 463 4242; x_wconf 90' lang='lat' dir='ltr'><strong>videntes</strong></span> <span class='ocrx_word' id='word_1_214' title='bbox 481 4173 734 4266; x_wconf 65' lang='lat' dir='ltr'><strong>phaenomena,</strong></span> <span class='ocrx_word' id='word_1_215' title='bbox 753 4195 828 4242; x_wconf 92' lang='lat' dir='ltr'><strong>non</strong></span> <span class='ocrx_word' id='word_1_216' title='bbox 848 4172 1084 4243; x_wconf 90' lang='lat' dir='ltr'><strong>considerant</strong></span> <span class='ocrx_word' id='word_1_217' title='bbox 1103 4195 1176 4265; x_wconf 92' lang='lat' dir='ltr'><strong>quo</strong></span> <span class='ocrx_word' id='word_1_218' title='bbox 1194 4187 1343 4266; x_wconf 84' lang='lat' dir='ltr'><strong>agente,</strong></span> 
     </span>
     <span class='ocr_line' id='line_1_37' title="bbox 298 4283 1342 4378; baseline 0.004 -25"><span class='ocrx_word' id='word_1_219' title='bbox 298 4305 370 4375; x_wconf 93' lang='lat' dir='ltr'><strong>quo</strong></span> <span class='ocrx_word' id='word_1_220' title='bbox 389 4296 502 4370; x_wconf 90' lang='lat' dir='ltr'><strong>motu,</strong></span> <span class='ocrx_word' id='word_1_221' title='bbox 523 4295 561 4355; x_wconf 90' lang='lat' dir='ltr'><strong>et</strong></span> <span class='ocrx_word' id='word_1_222' title='bbox 578 4308 649 4378; x_wconf 91' lang='lat' dir='ltr'><strong>quo</strong></span> <span class='ocrx_word' id='word_1_223' title='bbox 665 4283 774 4356; x_wconf 90' lang='lat' dir='ltr'><strong>modo</strong></span> <span class='ocrx_word' id='word_1_224' title='bbox 793 4285 960 4378; x_wconf 86' lang='lat' dir='ltr'><strong>generari</strong></span> <span class='ocrx_word' id='word_1_225' title='bbox 979 4294 1187 4378; x_wconf 89' lang='lat' dir='ltr'><strong>potuerunt.</strong></span> <span class='ocrx_word' id='word_1_226' title='bbox 1242 4286 1342 4357; x_wconf 90' lang='lat' dir='ltr'><strong>Nam</strong></span> 
     </span>
    </p>
   </div>
   <div class='ocr_carea' id='block_1_5' title="bbox 0 0 1483 5010">
    <p class='ocr_par' dir='ltr' id='par_1_9' title="bbox 0 0 1483 5010">
     <span class='ocr_line' id='line_1_38' title="bbox 0 0 1483 5010; baseline 0 0"><span class='ocrx_word' id='word_1_227' title='bbox 0 0 1483 5010; x_wconf 95' lang='lat' dir='ltr'><strong> </strong></span> 
     </span>
    </p>
   </div>
  </div>
 </body>
</html>
