2946 5010
305 407 353 486 76
520 424 789 478 nthmnrro
810 425 862 478 nr
881 424 1132 477 nununarro

119 621 270 663 nnsoous
305 593 393 665 uiat.
446 592 558 666 Quod
583 593 622 666 ni
647 593 805 681 fecisset,
831 592 923 665 nihil
949 592 1036 666 inde
1059 603 1102 664 ut
1125 591 1352 688 aprincipio

119 706 263 810 ᾧ

305 704 605 779 demonstrasset.

357 815 406 891 B.
435 818 534 893 Quid
553 818 631 891 ita?
682 817 858 892 Definitio
882 817 1009 890 circuli
1028 818 1128 915 apud
1144 816 1352 906 Euclidem,

305 944 461 1004 nonest
487 931 685 1028 descriptio
709 930 965 1029 generationis
988 930 1128 1018 circuli,
1155 929 1221 1003 sed
1234 955 1351 1028 gene-

307 1044 407 1116 rati:
434 1056 472 1116 at
490 1044 604 1116 nihilo
622 1045 742 1117 minus
760 1044 985 1116 constructio
1004 1043 1180 1140 trianguli
1198 1043 1349 1140 aequila·

307 1157 378 1230 teri
395 1157 480 1230 inde
498 1159 544 1230 ab
561 1157 713 1231 Euclide
732 1157 1017 1231 demonstratur.

358 1271 408 1343 Α.
435 1271 709 1344 Demonstratio
743 1270 805 1343 illa
834 1270 1018 1367 dependet
1046 1269 1196 1366 quidem
1227 1268 1277 1342 ab
1305 1292 1351 1343 eu

307 1383 544 1456 definitione:
569 1384 632 1458 sed
652 1385 730 1481 ipsa
747 1384 912 1458 definitio
927 1383 1110 1481 dependet
1126 1408 1150 1456 a
1161 1383 1349 1480 postulato

306 1497 428 1581 tertio,
455 1521 599 1592 nempe,
625 1522 698 1594 quo
725 1498 840 1592 gratis
866 1497 1024 1571 sumitur
1038 1521 1155 1594 poure
1171 1495 1351 1569 circulum

306 1610 437 1707 quovis
463 1610 627 1682 describi
648 1610 866 1684 ‘intervalla
916 1611 1031 1684 lubet
1058 1634 1159 1706 ergo,
1184 1609 1235 1683 ad
1261 1634 1350 1684 con-

306 1723 548 1797 structionem
562 1723 736 1820 trianguli
751 1723 965 1819 aequilateri,
981 1724 1138 1796 describi
1152 1722 1350 1808 circulum

305 1838 407 1934 quod
430 1863 502 1934 quo
531 1838 641 1912 modo
663 1837 873 1911 faciendum
896 1839 955 1926 sit,
980 1836 1145 1910 definitio
1173 1835 1352 1909 Euclides

305 1974 381 2025 non
399 1951 518 2025 docet.
571 1951 768 2026 Quomodo
790 1950 887 2024 enim
906 1950 1063 2023 inveniri
1079 1948 1242 2022 medium
1259 1948 1350 2022 illud

304 2078 484 2160 punctum
503 2077 635 2161 potest,
661 2064 733 2138 nisi
754 2065 857 2161 prius
880 2063 1087 2159 descriptus
1110 2063 1160 2136 sit
1181 2065 1260 2160 ipse
1279 2062 1351 2136 cir-

305 2178 438 2252 culus?
488 2178 591 2251 Vidit
622 2202 710 2273 ergo
738 2177 909 2250 Euclides
939 2176 1192 2250 definitionem
1220 2175 1351 2248 anulo·

302 2291 391 2388 gire,
435 2291 505 2363 nisi
548 2291 759 2363 ostenderet
794 2291 978 2385 quomodo
1013 2289 1148 2362 euclem
1180 2288 1351 2361 rationes

304 2405 449 2491 fierent,
467 2402 633 2475 inutilem
651 2403 729 2475 fore
752 2402 800 2474 ad
817 2404 1019 2498 sequentia.
1073 2402 1202 2496 Itaque
1219 2400 1349 2474 defini-

304 2517 444 2589 tionem
465 2539 530 2612 per
550 2516 826 2611 generationem
850 2514 992 2589 addidit
1011 2515 1128 2588 hanc:
1156 2513 1203 2586 Iu
1221 2513 1350 2587 cadem

305 2629 451 2700 ratione
473 2627 746 2725 rrmguitucliues
771 2627 943 2701 dicuutur
962 2651 1054 2717 esse,
1077 2628 1209 2726 primu
1226 2627 1282 2701 acl
1294 2651 1352 2699 se·

304 2740 474 2829 cundum,
499 2750 536 2812 ct
559 2741 675 2812 tertia
699 2740 754 2813 ud
770 2751 950 2837 quartum,
973 2766 1052 2813 curu
1063 2740 1203 2839 primoe
1221 2749 1259 2813 et
1276 2748 1352 2813 ter-

306 2854 370 2926 tioe
395 2878 497 2950 aeque
523 2851 756 2951 multiplicia,
781 2880 806 2926 u
828 2853 993 2928 secundo
1017 2864 1054 2927 et
1076 2865 1224 2952 quurtae
1249 2879 1352 2952 coque

307 2966 586 3064 multiplicibus,
613 2967 875 3064 qualiscunque
900 2968 952 3039 sit
973 2968 1051 3040 hoec
1075 2965 1351 3064 multiplicatio,

306 3089 499 3176 utrumque
523 3079 570 3152 ab
597 3090 764 3177 utroque,
792 3080 851 3152 uel
878 3104 949 3152 unu
977 3079 1162 3174 deficiunt,
1193 3079 1253 3152 uel
1278 3105 1352 3152 unu

306 3193 466 3289 mquuliu
496 3203 592 3283 anu,
619 3193 680 3266 vel
708 3218 780 3265 uua
809 3192 1002 3280 excedunt,
1028 3193 1064 3265 si
1091 3219 1135 3264 cu
1158 3204 1352 3266 sumuntur

306 3331 387 3402 quse
413 3305 510 3380 iuter
533 3331 575 3378 se
598 3305 833 3403 respondent.
886 3305 958 3378 Sed
976 3306 1153 3393 invenire,
1172 3306 1352 3400 perhanc

308 3418 572 3507 definitionem,
607 3417 818 3512 hujusmodi
845 3431 1001 3512 quatuor
1031 3418 1256 3513 quantitates
1285 3420 1352 3491 im-

301 3531 478 3627 possibile
496 3542 575 3602 est:
601 3530 688 3624 quia
711 3530 968 3626 multiplicatio
991 3554 1057 3626 per
1078 3555 1205 3603 omnes
1223 3555 1353 3605 nume-

308 3668 380 3734 ros,
411 3668 495 3716 cum
523 3643 658 3715 infiniti
685 3642 769 3732 sint,
798 3656 855 3716 est
883 3644 1128 3739 impossibilis.
1181 3644 1269 3717 Non
1297 3658 1353 3718 est

309 3782 397 3853 ergo
417 3756 580 3829 definitio
599 3756 691 3845 haec,
709 3757 773 3828 sed
790 3756 1017 3852 hypothesis,¹

360 3871 408 3943 B.
437 3871 552 3943 Recte
580 3869 728 3966 quidem
756 3870 871 3954 dicis;
904 3883 959 3943 est
989 3881 1110 3944 autem
1138 3870 1353 3967 hypothesis

308 3984 371 4055 illa
390 4008 488 4056 vera.
539 3983 637 4055 Vera
660 3983 810 4078 inquam
837 3995 905 4071 est,
932 3983 1095 4056 sednon
1117 3984 1352 4083 principium,

308 4096 396 4190 quia
425 4095 720 4168 demonstrabilis
743 4107 810 4183 est,
838 4109 877 4169 et
902 4098 948 4169 ab
973 4097 1121 4170 Hobbio
1149 4097 1247 4195 (cap.
1277 4102 1352 4175 xiii.

309 4221 377 4280 art.
413 4219 468 4296 12,
497 4210 581 4282 libri
610 4231 663 4280 nn
696 4211 905 4302 CORPORE)
942 4210 1215 4295 demonstrata;
1243 4213 1353 4286 seda

309 4321 523 4395 definitione
557 4322 720 4417 ejusdcm
762 4323 924 4396 rationis
963 4347 1029 4420 per
1062 4326 1352 4418 generationem,
