2946 5010
304 403 353 471 62
522 417 789 471 nxsmrnsrro
809 418 860 470 nr
878 418 1127 471 nusnnsrro

118 604 270 650 merosus
302 586 411 662 lineae
443 587 598 684 integrae
631 587 858 677 circularem,
899 588 994 661 alter
1028 611 1095 685 per
1132 574 1346 664 continuam

119 687 262 792 ᾧ
303 698 535 774 lineaerectae
547 700 752 773 flexionem.
798 700 892 776 Quae
906 701 988 774 duae
1001 700 1221 798 angulorum
1233 726 1346 799 gene-

302 812 463 886 rationes
480 814 573 887 adeo
587 826 674 887 sunt
687 814 853 904 diversae,
870 825 914 888 ut
928 813 998 910 ipsi
1011 813 1137 910 anguli
1153 814 1229 889 sint
1243 816 1346 890 hete-

303 927 466 1020 regensi,
485 949 553 1000 neo
569 950 643 1000 una
664 926 877 1001 definitione
902 927 1165 1024 comprehendi
1189 929 1344 1025 possint.

303 1038 428 1112 Habet
458 1040 605 1135 quidem
639 1050 792 1136 uterque
821 1063 957 1114 nomen
987 1039 1125 1137 anguli,
1155 1040 1221 1115 sed
1251 1042 1345 1116 alter

301 1150 517 1247 simpliciter
543 1153 597 1227 ita
622 1153 747 1226 vocari
774 1153 891 1238 solet;
917 1154 1012 1226 alter
1035 1175 1103 1250 per
1127 1152 1346 1249 adjunctum

300 1262 462 1360 angelus
475 1274 678 1339 contactas.
731 1265 836 1354 Haec,
854 1289 938 1338 cum
951 1288 1027 1339 non
1040 1276 1141 1339 recte
1155 1265 1346 1343 intellecta

301 1373 449 1467 fuerint,
475 1379 760 1452 controversiam
786 1379 996 1453 excitarunt
1020 1378 1067 1452 de
1095 1379 1231 1475 angulo
1254 1405 1346 1456 con-·

302 1500 424 1563 tactus
451 1491 548 1564 inter
570 1491 738 1565 Clarium
759 1502 797 1564 et
818 1491 1063 1577 Pellitarium;
1090 1515 1172 1588 quae
1188 1494 1343 1568 excitari

302 1626 378 1676 non
397 1615 555 1700 poterat,
580 1604 611 1678 si
629 1603 793 1679 definitio
809 1604 972 1679 Euclidis
997 1605 1084 1679 satis
1106 1604 1238 1681 fuisset
1258 1632 1343 1704 per·

301 1717 439 1813 spicue.

351 1830 402 1902 Β.
426 1830 629 1904 Audiamus
658 1831 850 1927 utriusque
883 1830 1028 1928 generis
1058 1830 1184 1926 anguli
1211 1830 1342 1907 defini-

300 1941 440 2015 tionem
456 1956 569 2016 tuam.

350 2055 399 2130 Α.
425 2055 611 2154 Angelus,
624 2054 846 2153 simpliciter
860 2056 993 2146 dictos,
1006 2065 1062 2128 est
1075 2055 1231 2129 deornm
1248 2055 1341 2132 tine-

300 2192 407 2243 arum
422 2169 497 2242 sibi
512 2177 633 2242 mutuo
649 2169 687 2241 in
696 2167 817 2267 plano
833 2168 1123 2268 congruentiam,
1130 2168 1253 2266 foeta
1262 2194 1345 2270 per

300 2291 433 2354 motum
450 2280 673 2355 circularem
688 2306 803 2380 snper
830 2281 952 2356 altero
971 2281 1127 2356 termino
1143 2292 1186 2356 ut
1201 2292 1339 2374 centro,

301 2393 409 2467 onius
426 2392 474 2466 ab
491 2393 615 2466 altero
632 2394 829 2491 digressio.

348 2506 399 2577 Β.
425 2505 564 2600 Anguli
581 2505 767 2601 quantitas
784 2505 968 2602 quomodo
986 2505 1185 2578 definitur?

348 2618 397 2692 A.
425 2619 623 2694 Quantitas
641 2619 784 2718 angoti,
802 2619 1016 2716 simpliciter
1030 2618 1132 2706 dicti,
1149 2633 1208 2691 est
1224 2642 1342 2714 quan·

298 2734 386 2806 titas
407 2755 519 2805 ornes
541 2731 673 2806 circuli
698 2732 891 2828 cujuslibet
912 2730 1097 2829 descripti
1118 2731 1338 2823 contraitis,

299 2844 338 2918 in
356 2870 423 2941 qno
441 2845 547 2920 lineo
564 2871 641 2943 que
657 2870 784 2919 areum
801 2846 1043 2943 intercipiunt
1060 2868 1101 2916 se
1116 2854 1239 2918 mutuo
1256 2855 1346 2920 tan:

296 2967 404 3056 gont,
421 2957 470 3031 ab
487 2959 621 3033 iisdem
634 2959 744 3033 tineis
761 2960 969 3058 intercepti.
1022 2957 1195 3057 Angelos
1218 2969 1338 3034 autem

299 3079 503 3161 contactus,
520 3081 579 3145 est
595 3072 750 3145 duorum
768 3072 949 3146 lineorum
967 3071 1005 3144 in
1020 3069 1140 3168 plano
1157 3095 1199 3144 se
1216 3083 1337 3146 mutuo

300 3185 531 3281 tangentium
553 3184 741 3284 digressio
749 3185 871 3282 sacta
886 3206 963 3283 per
980 3184 1186 3257 continuom
1194 3185 1338 3279 sterio·

298 3321 387 3371 nem.

347 3410 397 3482 B.
425 3410 549 3484 Quare
567 3410 640 3485 duo
656 3411 737 3485 haec
758 3435 895 3507 genera
921 3410 1140 3508 angulorum
1164 3434 1238 3485 non
1255 3436 1336 3509 pos·

296 3535 384 3596 sunt
400 3523 467 3596 sub
484 3546 559 3597 uno
576 3525 692 3620 magis
709 3525 830 3621 amplo
847 3549 981 3621 genere
998 3522 1206 3597 contineri?

347 3637 395 3708 A.
423 3637 522 3711 Quia
548 3661 623 3710 non
647 3651 907 3712 mensurantur
930 3661 998 3734 per
1019 3636 1127 3708 unius
1153 3660 1335 3711 mensuret

295 3748 588 3845 applicationem.
640 3749 738 3823 Nam
770 3750 925 3846 angulus
959 3748 1173 3844 simpliciter
1202 3749 1333 3840 dictus,

295 3872 419 3935 tantus
450 3874 507 3935 est
536 3873 693 3958 quantus
720 3873 774 3935 est
802 3886 908 3935 arcus
935 3861 1061 3935 circuli
1085 3862 1333 3959 interceptum

295 3973 451 4070 ideoque
463 3998 530 4070 per
542 3999 669 4048 arcum
682 3975 810 4048 circuli
824 3986 1068 4047 mensuratur.
1110 3973 1162 4046 At
1179 3975 1335 4071 angulus

296 4096 500 4175 contactus
524 4097 757 4160 mensuratur
780 4108 846 4182 per
868 4085 1003 4157 lineam
1026 4095 1165 4158 rectam
1185 4086 1334 4160 ductam

295 4221 318 4269 a
343 4209 481 4292 puncto
511 4211 704 4273 contactus
732 4198 780 4271 ad
809 4197 1153 4270 circumferentiam.
1206 4200 1334 4295 ltaque

294 4311 565 4406 magnitudines
593 4313 749 4386 duorum
773 4311 990 4408 angulorum
1016 4321 1208 4386 contaetus
1231 4336 1333 4387 men-
