2946 5010
427 398 500 467 402
569 412 623 464 mr
642 413 872 466 Parricn’us
893 414 943 466 ET
962 414 1323 468 RATIOCINATIONE

235 607 303 649 cm.
315 607 380 651 vm.
427 589 529 652 recta
544 589 656 654 rectae
673 579 722 653 ad
739 580 893 676 angulos
909 595 1031 656 rectos
1048 582 1197 672 insistit,
1214 606 1289 656 non
1315 580 1464 656 dicitur

241 677 384 794 ὦ
422 693 530 787 juxta
555 716 758 766 sermonem
786 718 1028 779 communem,
1052 696 1201 768 omnino
1224 695 1397 767 inclinari
1430 721 1465 768 ιι

425 805 601 878 utramvis
617 817 760 901 partem
776 818 886 879 rectae
903 808 962 879 cui
988 808 1146 880 insistit:
1175 807 1319 903 quando
1337 820 1429 882 aute
1442 842 1464 876 a·

424 918 541 991 altera
556 919 663 992 alteri
680 919 815 992 insistit
831 919 878 993 ad
892 920 1045 1016 angulos
1056 920 1233 1017 obliquos,
1247 933 1335 994 tunc
1354 921 1440 995 incl
1447 924 1456 938 ’

424 1031 513 1103 nari
528 1031 576 1105 ad
593 1043 832 1128 campartem
851 1031 987 1105 dicitur
999 1034 1062 1106 ubi
1079 1035 1235 1128 angulus
1249 1044 1304 1107 est
1317 1047 1469 1108 acutus.

422 1144 627 1241 Atquehoc
636 1169 745 1219 sensu
755 1145 1025 1220 inclinationem
1038 1147 1209 1243 intelligit
1219 1148 1257 1220 in
1268 1146 1470 1221 Elementa

421 1258 615 1332 undecimo
628 1258 809 1333 Euclides.
844 1259 1133 1355 ltaqueminima
1146 1258 1336 1332 inclinatio
1349 1271 1470 1332 rectae

423 1370 485 1445 ΟΒ
501 1371 550 1444 ad
568 1371 632 1445 cl)
653 1383 742 1445 tunc
768 1383 835 1462 est,
854 1372 1002 1468 quando
1020 1373 1136 1446 altera
1157 1372 1205 1444 ad
1228 1372 1383 1444 alteram
1405 1386 1470 1446 est

420 1482 750 1582 perpendicularis:
768 1485 927 1558 maxima
937 1497 1072 1575 autem,
1084 1484 1229 1581 quando
1244 1483 1469 1559 admovetur

422 1595 485 1670 CB
502 1597 550 1670 ad
564 1595 628 1671 CD
646 1608 748 1671 motu
765 1597 935 1671 circulari
962 1598 1014 1670 ita
1031 1610 1074 1670 ut
1097 1597 1213 1670 ambae
1236 1597 1465 1672 coincidunt.

421 1708 526 1783 Idem
542 1710 653 1784 etiam
668 1710 740 1784 dici
753 1721 877 1806 potest
890 1710 935 1782 de
953 1709 1190 1784 inclinatione
1207 1721 1318 1782 rectae
1332 1711 1398 1784 CD
1413 1713 1465 1786 ad

422 1821 502 1910 CA,
532 1834 570 1897 et
596 1835 709 1898 rectae
737 1824 802 1898 ΟΑ
830 1823 879 1897 ad
906 1823 979 1912 ΟΕ,
1008 1834 1047 1895 et
1074 1833 1185 1896 rectae
1215 1823 1275 1896 ΟΕ
1302 1824 1352 1897 ad
1383 1825 1462 1899 ΟΒ.

420 1934 548 2009 Motus
577 1937 675 2009 enim
696 1935 883 2010 circularis
910 1936 1105 2032 cujuslibet
1123 1960 1143 2009 e
1161 1946 1317 2032 quatuor
1345 1940 1463 2012 rectis

420 2047 469 2122 ad
481 2059 600 2122 rectos
612 2050 766 2145 angulos
780 2050 952 2146 deinceps
966 2051 1166 2140 collocatis,
1181 2051 1462 2127 inclinationem

419 2173 619 2251 mensurat,
637 2160 800 2258 adeoque
818 2163 973 2259 angulos
991 2187 1034 2235 eo
1051 2174 1154 2236 motu
1171 2176 1366 2259 generatos
1384 2194 1393 2238 z
1420 2179 1462 2240 et

419 2298 563 2371 semper
580 2299 652 2372 quo
669 2277 786 2371 major
803 2289 859 2350 est
878 2300 963 2372 pars
990 2277 1103 2350 totius
1130 2277 1355 2351 circuitionis
1374 2305 1461 2376 quae

418 2412 463 2463 eo
480 2400 584 2463 motu
608 2389 777 2463 circulari
794 2390 997 2479 conficitur,
1016 2413 1061 2463 eo
1078 2392 1197 2486 major
1214 2402 1269 2463 est
1285 2393 1459 2487 angulus.

467 2503 552 2576 Jam
564 2503 750 2576 inclinatio
768 2514 879 2577 rectae
897 2503 961 2576 CD
978 2503 1026 2575 ad
1042 2527 1167 2576 arcum
1186 2504 1235 2575 Cl
1254 2528 1326 2598 quo
1344 2519 1460 2599 pacto

419 2617 622 2689 mensurari
639 2630 773 2711 potest,
792 2641 876 2688 cum
893 2629 1015 2710 partes
1042 2639 1167 2687 omnes
1195 2640 1299 2688 arcus
1327 2618 1376 2689 ΟΙ
1402 2619 1460 2690 di-

400 2751 541 2799 versas
567 2728 725 2801 habeant
751 2729 1016 2812 inclinationes,
1036 2728 1105 2799 nisi
1130 2729 1226 2822 quod
1253 2731 1290 2800 in
1316 2745 1460 2824 puncto

420 2841 528 2912 unico
557 2841 586 2911 C
616 2842 803 2913 inclinatio
834 2843 992 2913 maxima
1016 2853 1082 2930 est,
1111 2867 1240 2937 nempe
1268 2847 1397 2937 puncti
1429 2847 1462 2918 Ο

421 2966 601 3049 quatenus
629 2955 666 3025 in
694 2966 796 3026 recta
821 2955 886 3026 DC
913 2955 959 3027 od
987 2955 1084 3026 idem
1106 2970 1283 3051 punctum
1303 2957 1346 3043 C,
1367 2983 1461 3052 qua-

420 3079 527 3138 tenus
545 3067 582 3138 in
600 3091 688 3139 arcu
705 3069 754 3139 lC
772 3067 783 3138 i
837 3069 964 3162 ltaque
983 3069 1136 3164 angulus
1156 3071 1217 3164 qui
1241 3072 1283 3140 fit
1301 3094 1323 3141 a
1341 3094 1462 3144 curva

421 3180 469 3253 CI
487 3192 525 3252 ct
543 3193 644 3253 recta
662 3182 741 3271 CD,
760 3183 908 3254 omnino
927 3183 974 3254 ad
990 3197 1167 3278 punctum
1191 3183 1309 3277 ipsum
1328 3183 1356 3253 C
1375 3184 1462 3256 nul-

420 3294 477 3366 lus
495 3305 561 3382 est,
580 3296 650 3366 nisi
668 3296 822 3390 angulus
841 3308 1032 3369 contactus
1051 3321 1124 3367 non
1142 3297 1188 3369 sit
1206 3296 1368 3388 ejusdem
1393 3323 1462 3391 ge-

420 3409 517 3480 neris
545 3410 759 3504 quantitatis
787 3432 870 3480 cum
901 3410 1034 3504 angulo
1059 3433 1166 3502 quem
1194 3410 1303 3480 efficit
1331 3409 1462 3483 radius

420 3533 642 3615 permotum
660 3522 874 3593 circularem
892 3523 940 3594 ad
960 3522 1071 3593 alium
1095 3522 1215 3593 locum
1244 3521 1461 3597 translatus

421 3634 567 3730 Deque
598 3634 713 3706 fusius
737 3634 879 3707 dicetur
909 3635 946 3705 in
974 3635 1241 3706 examinatione
1266 3634 1374 3727 Prop.
1401 3645 1461 3709 16.

421 3747 535 3821 Elem.
554 3749 604 3821 iii.

471 3862 668 3935 Videamus
687 3861 853 3956 denique,
868 3885 933 3933 cur
949 3860 996 3933 od
1014 3861 1310 3933 constitutionem
1329 3865 1462 3956 anguli

422 3976 666 4048 necessarium
679 3978 721 4047 fit
738 3989 780 4047 ut
795 3976 876 4048 duae
893 3974 1010 4060 lineae,
1025 3975 1141 4069 ipsum
1158 3973 1364 4060 efficientes,
1382 3999 1463 4049 non

418 4090 565 4182 jaceant
595 4090 632 4160 in
665 4089 867 4160 directum:
904 4089 1008 4180 cujus
1037 4110 1182 4158 causam
1210 4086 1303 4156 hanc
1334 4088 1463 4162 reddit

423 4199 580 4286 ClaviuS,
598 4201 696 4295 quod
722 4225 789 4272 nec
808 4201 889 4272 duae
915 4214 1037 4295 partes
1060 4198 1224 4292 ejusdem
1247 4208 1369 4281 rectae,
1388 4225 1463 4275 nec

423 4312 495 4385 duo
513 4338 618 4386 arcus
637 4315 798 4408 ejusdem
813 4313 951 4400 circuli,
964 4313 1103 4384 faciunt
1121 4310 1302 4405 angulum.
1340 4312 1464 4387 Caete-
