2946 5010
340 371 409 438 150
550 383 820 437 nxanrnarro
840 385 891 437 nr
910 385 1160 438 aununarro

149 572 299 617 nrrnoans
385 550 435 623 B.
463 550 536 624 Sed
570 550 633 647 qni
662 552 781 625 obiter
814 553 1008 650 physicum
1038 555 1227 628 theorema
1261 552 1373 626 docet

148 654 292 758 „IL
334 663 597 754 arithmeticm,
615 688 663 738 an
676 665 876 761 culpandus
893 668 974 741 est?

382 776 429 850 A.
456 777 564 850 Non:
602 802 784 876 parergon
819 792 888 866 est,
905 781 936 854 si
970 781 1112 856 doceat.
1182 780 1247 853 Sin
1276 778 1372 853 libro

332 891 565 965 arithmetico
582 891 727 979 inferat,
739 915 859 988 neque
878 894 1106 968 demonstrat
1122 917 1242 1000 neque
1260 916 1372 965 cone·

333 1017 395 1078 tur
412 1003 676 1093 demonstrare,
694 1003 793 1101 qnod
809 1006 899 1079 fecit
909 1007 982 1096 ille,
999 1008 1165 1104 ineptum
1182 1018 1248 1079 est.
1277 1006 1372 1080 Quae

331 1117 497 1213 sequitur
512 1140 579 1214 per
598 1128 673 1191 tres
701 1118 865 1215 paginas,
884 1131 940 1192 est
962 1119 1246 1215 praecedentium
1274 1142 1372 1214 sym-

331 1230 451 1303 bolica
468 1231 629 1327 scriptio.
681 1231 835 1321 Deinde,
852 1233 1014 1306 ostendit
1044 1232 1227 1328 quomodo
1249 1232 1369 1304 multi·

331 1343 471 1440 plicari,
488 1343 527 1416 in
544 1343 680 1439 regulae
711 1367 831 1417 aureoe
861 1345 1084 1441 operatione,
1101 1344 1245 1441 possint
1273 1345 1371 1418 inter

330 1480 371 1530 sa
408 1456 491 1530 duae
530 1457 753 1553 quantitates
792 1458 1058 1556 heterogeneae,
1098 1459 1156 1532 vel
1189 1481 1264 1531 una
1303 1481 1371 1554 per

330 1570 484 1643 alteram
511 1568 625 1642 dividi
649 1570 789 1667 possit;
815 1583 916 1667 puta,
944 1571 1129 1667 quomodo
1159 1569 1302 1666 pondus
1329 1570 1369 1643 in

328 1683 464 1758 lineam
477 1683 723 1779 multiplicari,
736 1685 795 1758 vel
810 1708 877 1781 per
893 1708 976 1757 eam
1005 1683 1119 1758 dividi
1146 1683 1283 1780 possit;
1311 1683 1367 1755 di-

329 1797 452 1893 citque
465 1806 661 1892 utrumqne
687 1797 769 1871 fieri
797 1820 865 1895 per
893 1797 1146 1871 reductionem
1176 1797 1366 1892 utriusque

330 1909 545 2005 quantitatis
562 1910 611 1984 ad
627 1934 800 1985 numeros
815 1943 825 1995 ;
852 1923 891 1984 et
908 1912 1056 2008 quidem
1072 1922 1184 1985 recte.

378 2023 428 2095 B.
456 2022 530 2096 Sed
548 2046 669 2096 nonne
685 2025 765 2098 fieri
782 2036 906 2121 potest
917 2025 1026 2099 etiam
1036 2048 1104 2121 per
1113 2023 1368 2097 reductionem

328 2134 377 2208 ad
393 2134 518 2224 lineas,
533 2159 618 2209 cum
634 2136 705 2232 ipsi
721 2137 865 2210 numeri
876 2135 924 2209 ad
936 2135 1050 2209 lineas
1061 2135 1188 2209 reduci
1199 2134 1367 2231 possint?

329 2247 509 2321 Praeterea
524 2248 605 2321 fieri
621 2259 745 2345 potest
761 2260 803 2323 ut
820 2247 964 2345 pondus
981 2247 1136 2345 ponderi
1153 2246 1199 2320 sit
1227 2247 1369 2321 incom-

327 2360 592 2434 mensurabile:
619 2373 709 2434 tunc
726 2372 848 2435 autem
867 2360 994 2434 reduci
1017 2359 1065 2433 ad
1095 2383 1269 2433 numeros
1291 2383 1367 2433 non

327 2485 493 2570 possunt,
511 2473 560 2546 ad
569 2473 683 2546 lineas
698 2486 862 2570 possunt.

377 2588 425 2659 Α.
454 2586 692 2660 Commodius
709 2602 810 2661 certe
827 2587 1050 2661 reducunter
1066 2587 1114 2660 ad
1131 2588 1257 2660 lineas.
1293 2587 1368 2659 Sed

327 2699 387 2772 ille
404 2723 612 2795 quanquam
629 2725 703 2773 non
718 2701 816 2790 satia,
835 2724 909 2773 non
928 2699 1022 2772 male
1040 2712 1164 2772 tamen
1181 2700 1282 2773 fecit.

380 2812 427 2884 B.
455 2813 505 2885 At
530 2813 591 2885 ille
620 2814 819 2902 Hobbium,
839 2813 924 2909 quia
951 2814 1132 2886 rationem
1161 2813 1367 2908 ponderum

327 2936 364 2997 et
380 2925 559 2999 linearum
577 2926 821 2999 mediantibus
851 2927 955 2999 lineis
984 2925 1218 3022 permutavit,
1245 2950 1368 2999 accer-

327 3038 417 3111 rime
434 3039 598 3134 increpat
616 3040 654 3110 in
668 3037 846 3111 Elcaclro.

375 3150 422 3226 Α.
447 3153 566 3225 Tanto
578 3152 638 3224 ille
656 3153 821 3248 nequior.
856 3151 1034 3224 Venimus
1049 3153 1128 3247 jam
1140 3151 1188 3223 ad
1205 3152 1365 3224 Auream

327 3265 506 3361 Regulam
535 3265 716 3338 inversam
746 3265 822 3337 sive
850 3265 1088 3361 reciprocam,
1120 3288 1231 3360 quam
1257 3265 1366 3337 docet

327 3378 455 3474 Capite
495 3377 643 3450 xxxviii.
729 3376 800 3450 Ubi
842 3376 1040 3473 expositis,
1077 3377 1209 3471 inquit,
1244 3376 1365 3449 tribua

324 3490 605 3587 quantitatibus,
626 3491 808 3588 quaritur
825 3500 964 3587 quarta
992 3489 1184 3586 reciproce
1203 3513 1367 3587 propor-

325 3603 487 3676 tioaalis.

374 3716 734 3790 Demonstrationem
750 3714 887 3810 regulae
913 3716 1024 3810 hujus
1052 3715 1202 3788 deducit
1231 3716 1277 3787 ab
1308 3738 1362 3802 eo,

324 3830 422 3925 quod
438 3832 477 3902 in
494 3828 715 3923 rectangulis
728 3828 927 3923 aequalibus
943 3827 1060 3901 latera
1072 3843 1158 3900 sunt
1175 3827 1363 3923 reciproce

322 3941 621 4039 proportionalia.
700 3939 811 4015 Quod
845 3940 994 4034 quidem
1031 3953 1131 4014 recte
1166 3940 1265 4027 fecit,
1297 3938 1363 4011 sed

322 4056 538 4128 necessario.
592 4056 766 4128 Fateatur
784 4077 872 4149 ergo
890 4054 962 4143 hic,
981 4054 1081 4150 quod
1098 4054 1246 4149 negavit
1264 4065 1361 4139 ante,

323 4169 593 4241 arithmeticam
610 4167 861 4263 ageometria‚
874 4191 949 4241 non
966 4179 1109 4253 contra,
1119 4165 1361 4263 geometriam

323 4283 368 4354 ab
387 4282 616 4355 arithmetica
646 4281 865 4376 dependere.
918 4282 1064 4354 Caetera
1091 4292 1251 4368 transeo,
1276 4302 1361 4351 cum
