2946 5010
381 461 695 516 mananmanrcm
716 459 959 513 nonrnanm.
1126 438 1187 504 191

157 631 187 703 B
205 630 387 706 describat
400 633 535 706 lineam
548 630 719 726 aliquam,
732 640 822 724 puta
836 626 970 699 BEFC.
998 624 1091 697 Dico
1107 625 1195 719 jam,
1230 636 1381 679 1³1AL0G11⁸

156 746 187 818 si
200 746 293 820 ratio
311 747 375 818 AC
393 746 440 818 ad
457 746 525 818 AG
542 745 590 817 sit
603 744 731 816 eadem
754 765 837 836 quae
865 739 960 812 ratio
977 738 1043 811 AB
1056 737 1105 811 ad
1122 737 1196 824 GE,
1240 719 1383 823 ss

156 859 315 955 spatium
333 858 491 931 ABEFC
509 881 588 930 esse
602 856 649 928 ad
662 855 819 951 spatium
833 853 993 926 DCFEB
1004 864 1047 924 ut
1062 861 1074 923 l
1095 850 1143 924 ad
1160 859 1197 933 l;

157 974 292 1046 sivero
319 972 414 1044 ratio
437 971 502 1044 AC
519 969 566 1043 ad
585 968 651 1041 AG
668 969 718 1041 sit
744 966 932 1063 duplicata
962 964 1116 1038 rationis
1132 963 1199 1036 AB

158 1087 205 1160 ad
223 1086 297 1173 GE,
316 1085 476 1181 spatium
489 1083 649 1156 DBEFC
667 1105 747 1155 esse
777 1080 825 1154 ad
854 1079 1014 1176 spatium
1042 1075 1200 1151 ACFEB

158 1214 201 1272 ut
223 1209 237 1272 l
254 1197 303 1272 ad
320 1207 342 1271 2
359 1228 368 1281 ;
395 1198 424 1270 si
442 1196 640 1293 triplicata,
658 1207 700 1269 ut
718 1206 730 1268 l
751 1194 800 1269 ad
818 1203 840 1267 3
856 1224 866 1277 ς
892 1206 929 1266 et
948 1194 1000 1266 sic
1016 1191 1200 1287 deinceps.

159 1311 382 1386 Intellextin’
398 1309 411 1381 Ρ

210 1425 260 1497 Β.
286 1423 469 1519 Intelligo‚
482 1432 519 1496 et
530 1421 710 1517 siquidem
721 1422 774 1496 itu
784 1445 864 1495 esse
882 1420 1202 1510 demonstraveris,

160 1537 268 1611 video
287 1561 366 1611 esse
383 1537 597 1609 facillimum
615 1536 864 1632 paraboloidis
882 1537 1132 1631 cujuscunque
1156 1535 1205 1608 ad

162 1662 268 1712 suum
285 1636 680 1733 parallelogrammum,
695 1648 733 1710 et
760 1635 925 1710 concidis
953 1638 1204 1731 cujuscunque

162 1751 210 1825 ad
227 1775 335 1824 suum
352 1749 560 1846 cylindrum
573 1750 753 1822 rationem
772 1749 943 1823 exhibere
961 1749 1000 1821 in
1029 1749 1204 1821 numeria.

214 1863 264 1937 A.
287 1859 1207 1958 Assumoautemprimo,quodquarationcmobilia

163 1976 343 2051 uelocitas
360 1983 535 2073 augetur,
554 1974 682 2047 cadem
700 1973 847 2047 ratione
864 1974 1030 2072 angeri*
1069 1997 1208 2071 quoquc

164 2089 294 2188 spotia
307 2087 355 2161 ab
369 2113 414 2161 ca
433 2088 566 2161 iisdem
582 2087 642 2160 cel
654 2086 859 2186 (equalibus
872 2085 1098 2185 temporibus
1117 2110 1209 2184 pcr-

165 2226 289 2276 curco.
317 2200 500 2289 Secundo,
515 2199 661 2297 quodsi
678 2199 776 2272 inter
793 2199 889 2271 duas
901 2209 1027 2272 rectas
1045 2199 1209 2296 interpo-

165 2325 304 2388 nantur
335 2314 462 2386 medic
492 2323 567 2386 tum
593 2312 838 2386 arithmeticoe
868 2321 941 2386 tum
971 2312 1210 2410 geometriccc

166 2450 315 2500 numero
340 2427 507 2522 irfiaitca
531 2427 589 2499 hcc
612 2436 650 2499 et
675 2425 750 2498 illa
768 2425 1023 2522 magnitudine
1045 2451 1115 2498 non
1133 2426 1210 2524 dff-

153 2539 317 2635 jercon
343 2539 478 2612 saltem
509 2539 735 2634 differentiae
762 2562 892 2612 eorum
918 2539 1076 2612 minores
1102 2550 1211 2614 erunt

170 2652 337 2751 qnalibet
354 2653 694 2749 quantitatefiaita.

221 2765 270 2838 B.
298 2765 505 2861 Utrumque
539 2764 774 2838 manifestum
810 2778 888 2849 est;
920 2777 959 2839 et
992 2775 1118 2861 potest
1150 2765 1213 2839 de-

170 2877 378 2951 monstrari.
431 2877 528 2950 Nam
555 2877 765 2974 incipiendo
795 2903 817 2951 a
844 2880 1004 2953 maxima
1033 2889 1215 2953 extrema-

172 3014 266 3080 rum,
286 2992 402 3087 major
431 3000 487 3064 est
514 2990 635 3063 media
662 2990 896 3065 arithmetica
926 3016 1035 3087 quam
1066 3017 1215 3088 geome-

173 3103 279 3175 trica.
345 3103 496 3177 Quanto
531 3114 655 3176 autem
684 3105 806 3178 minus
840 3105 937 3177 inter
971 3128 1009 3178 se
1041 3118 1216 3179 extremae

174 3215 360 3305 differunt,
378 3227 483 3299 tanto
501 3217 708 3290 differentia
725 3218 994 3291 intermediam
1012 3218 1216 3291 arithmeti-

175 3353 257 3401 cam
274 3342 310 3402 et
328 3330 592 3426 geometricam
609 3330 730 3402 minor
747 3342 814 3404 est.
867 3331 998 3427 ltaque
1029 3331 1059 3403 si
1087 3330 1217 3404 mediae

175 3460 255 3520 tum
272 3447 515 3521 arithmeticae
532 3459 611 3519 tum
629 3446 863 3542 geometricae
891 3447 1027 3542 ubique
1054 3449 1217 3544 interpo-

175 3575 323 3651 nantur,
347 3562 467 3636 minus
489 3562 587 3634 inter
614 3583 653 3633 se
681 3560 851 3635 different
882 3563 984 3634 omni
1011 3562 1220 3657 quantitate

177 3675 324 3748 effabili.

229 3787 278 3859 A.
306 3788 433 3860 Recte.
478 3786 607 3881 ltaque
633 3784 671 3856 in
702 3783 1043 3881 parallelogrammo
1071 3787 1219 3861 ABCD

179 3899 407 3994 concipiatur
420 3899 516 3971 latus
529 3897 918 3971 ABmoveriadlatus
931 3898 1220 3994 CDparallelois,

180 4024 219 4084 et
235 4011 418 4084 movendo
437 4011 649 4084 decrescere
669 4009 788 4082 donec
802 4009 953 4083 tandem
970 4026 1165 4088 evanescat
1181 4015 1221 4088 in

180 4137 318 4220 puncto
337 4124 388 4209 C;
415 4135 453 4196 et
468 4148 535 4220 per
551 4123 663 4197 talem
681 4134 823 4197 motum
840 4123 1023 4220 descripta
1039 4127 1088 4199 sit
1103 4128 1223 4224 figura

182 4238 374 4326 ABEFC,
411 4237 540 4310 relicto
575 4238 845 4332 complemento
889 4237 1082 4328 DCFEB,
1118 4243 1223 4338 cujus

558 4422 575 4456 ⁴*
599 4421 648 4481 Sic
662 4421 740 4481 Edit
760 4425 845 4482 1668.
