2946 5010
352 427 668 482 mtruumnrrom
688 429 931 481 nourumru.
1097 412 1165 490 127

124 595 265 670 tramit
275 595 314 668 ia
321 615 441 695 genua
452 597 889 686 numerosummanifeste
900 596 1025 694 prodit
1035 596 1166 670 harum
1206 621 1358 664 onnoous

122 732 247 783 rerum
264 709 510 805 ignorantiam
530 709 790 783 invincibilem.
1206 704 1350 807 *¹¹ss

174 821 224 897 B.
251 821 528 896 invincibilem?

171 937 222 1010 A.
248 935 386 1024 Talem,
416 936 579 1032 iuquam,
602 959 685 1030 quae
715 960 738 1008 a
767 935 902 1008 nullius
927 936 1087 1009 hominis
1115 935 1167 1009 al·

122 1049 237 1122 terius
265 1049 477 1145 ignorantia
510 1049 676 1145 superari
706 1059 839 1145 potest.
909 1048 1166 1148 Comparatio,

122 1162 255 1257 iuquit,
283 1185 354 1235 nou
384 1186 476 1234 raro
504 1160 682 1258 relinquit
710 1172 1010 1260 comparatorum
1034 1187 1166 1261 genua.

123 1274 304 1348 Concedit
321 1297 409 1370 ergo
428 1272 527 1370 quod
543 1274 718 1369 relinquit
736 1287 1033 1372 comparatorum
1050 1298 1168 1371 genus

122 1385 332 1484 aliquando.
385 1386 480 1460 Sunt
497 1409 585 1483 ergo
610 1388 842 1484 comparatio
859 1400 898 1460 et
915 1397 1168 1485 comparatum

123 1499 320 1597 aliquando
342 1500 583 1596 homogenea.
635 1499 813 1574 Praeclare
839 1525 906 1598 pro
936 1502 1055 1597 gradu
1081 1500 1166 1575 doc-

122 1615 231 1688 torali
249 1626 287 1687 et
305 1613 425 1686 officio
442 1612 657 1710 professoris
674 1615 899 1710 geometriae.

173 1727 223 1801 B.
250 1725 345 1800 Vide
363 1749 499 1822 quaeso,
518 1725 661 1800 omissis
687 1751 768 1823 quae
785 1727 847 1799 ille
865 1727 1013 1815 erravit,
1032 1750 1079 1799 an
1097 1751 1167 1823 ego

123 1864 272 1915 sensum
288 1850 394 1912 tuum
412 1838 457 1912 de
473 1839 543 1912 hac
560 1862 601 1912 re
619 1839 707 1912 satis
726 1840 880 1936 capiam.
906 1840 1051 1912 Videris
1069 1840 1168 1912 enim

122 1964 165 2027 tu
193 1952 330 2026 sentire
354 1952 534 2026 rationem
558 1952 705 2041 rationi,
733 1953 994 2049 geometricam
1022 1976 1169 2047 geome-

122 2066 239 2154 tricae,
258 2077 297 2139 et
320 2065 501 2139 rationem
526 2066 674 2153 rationi,
698 2065 968 2140 arithmeticam
993 2065 1169 2140 arithme-

121 2178 219 2267 ticae,
236 2179 505 2275 homogeneam
523 2202 613 2252 esse.

172 2294 223 2367 A.
250 2293 321 2365 Ita.

172 2405 222 2478 B.
249 2406 299 2478 Et
316 2405 499 2479 rationem
525 2405 788 2502 geometricam
806 2406 1049 2480 arithmeticae
1066 2405 1169 2479 hete-

122 2540 334 2614 rogeneam.

173 2630 223 2704 A.
250 2629 384 2704 Etiam.

172 2741 220 2816 Β.
248 2742 296 2816 Et
323 2744 361 2816 in
389 2745 552 2840 quantis,
569 2743 705 2816 lineam
723 2744 840 2832 lineae,
860 2744 1090 2841 superficiem
1107 2768 1168 2817 su-

123 2856 298 2951 perficiei,
316 2868 355 2929 et
371 2855 529 2929 solidum
554 2855 670 2931 solido
691 2857 943 2952 homogenea;
969 2857 1035 2930 sed
1052 2858 1168 2933 altera

123 2967 250 3042 alteris
266 2969 523 3065 heterogenea.

175 3082 224 3155 Α.
252 3081 448 3171 Nimirum,
467 3082 519 3155 sic
537 3080 702 3154 sentiunt
718 3104 855 3155 omues.

173 3194 224 3268 B.
252 3195 326 3268 Sed
353 3196 610 3291 quantitatem,
637 3194 675 3266 iu
701 3194 900 3285 abstracto,
919 3198 1168 3292 cujuscunque

123 3308 179 3382 rei
196 3308 406 3404 quantitati,
424 3309 462 3382 in
480 3309 678 3396 abstracto,
697 3308 893 3403 cujuslibet
922 3307 1071 3381 alterius
1101 3308 1166 3397 rei,

124 3421 392 3518 homogeneam
405 3445 496 3511 esse,
508 3421 665 3517 ideoque
678 3419 870 3510 linearum,
881 3422 1168 3517 superficierum,

123 3534 337 3624 solidorum,
363 3534 552 3631 temporie,
575 3543 710 3623 motuS,
727 3535 794 3623 vis,
812 3534 996 3630 ponderiS,
1013 3535 1168 3624 roboria,

123 3648 343 3722 resistentia
360 3648 586 3745 quantitates
610 3671 690 3720 esse
716 3648 976 3744 homogeneas,
994 3649 1062 3720 etsi
1080 3648 1169 3742 ipsae

123 3784 182 3834 res
211 3761 287 3834 sint
314 3761 582 3857 heterogeneae.
635 3761 741 3850 Item,
759 3760 945 3857 loquendo
972 3761 1017 3833 de
1040 3761 1170 3834 iisdem

125 3874 237 3948 rebus
254 3873 459 3970 pluraliter,
478 3872 701 3969 quantitates
718 3873 877 3968 plurium
895 3875 1086 3962 lineamm,
1110 3898 1170 3947 su-

123 3987 369 4082 perficierum,
382 3984 594 4074 solidorum,
606 3998 826 4080 temporum,
837 3999 1015 4075 motuum,
1025 3986 1170 4074 virium,

124 4100 343 4195 ponderum,
367 4099 670 4187 resistentiamm,
696 4122 776 4172 esse
806 4099 1067 4195 homogeneas,
1091 4112 1171 4173 tum

124 4213 220 4289 iuter
237 4237 290 4303 se,
307 4224 389 4288 tum
406 4213 517 4287 etiam
536 4236 688 4287 numero
702 4245 711 4299 ;
738 4236 929 4287 numerum
954 4227 1079 4288 autem
1095 4238 1170 4288 non
