2946 5010
434 428 717 482 Pnonnnnara
736 428 927 484 nursrcn.
1129 409 1203 489 327

221 594 271 669 Β.
299 596 394 668 Sunt
427 620 514 692 ergo
549 596 754 670 accidentia
791 596 854 670 illa
887 619 1043 692 quorum
1076 617 1204 668 causae

171 710 314 804 quaeris.
367 709 453 783 Dixi
479 734 600 806 supra,
627 710 726 807 quod
746 734 769 784 a
792 721 897 784 motu
923 733 1031 806 quem
1052 709 1093 782 in
1117 709 1205 799 sole,

171 835 281 911 terra,
299 835 338 896 et
355 824 497 897 caeteris
515 825 622 897 astris
639 825 825 922 supposui,
843 847 906 898 aer
923 823 1141 921 dissipatur:
1168 833 1207 895 et

169 960 236 1033 per
253 960 479 1031 consequens
496 937 535 1009 ni
552 936 709 1010 mundus
726 938 855 1033 plenus
873 947 980 1026 esset,
998 937 1208 1009 innumera-

170 1049 258 1122 bilia
275 1062 396 1123 essent
410 1051 448 1122 in
465 1074 548 1123 aere
565 1051 647 1125 loca
664 1051 797 1146 exigua
812 1074 940 1124 vacua.
980 1049 1053 1124 Sed
1070 1048 1208 1122 mundo

170 1162 292 1260 pleno,
319 1163 495 1258 proximae
524 1177 647 1259 partes
676 1165 770 1238 aeris
800 1188 866 1261 per
895 1164 1108 1237 continuam
1135 1161 1210 1236 loci

171 1276 416 1348 mutationem
433 1275 635 1349 succedunt
657 1277 696 1350 in
721 1277 844 1351 locum
866 1276 1102 1372 disjectarum
1124 1298 1211 1373 par-

173 1389 278 1476 tium,
296 1412 365 1461 nec
379 1412 493 1462 vacua
506 1412 584 1462 esse
602 1390 739 1463 sinunt.

224 1501 316 1573 Cum
341 1525 429 1597 ergo
447 1526 470 1575 a
485 1513 588 1575 motu
604 1501 800 1574 illiusmodi
816 1501 926 1575 solari
943 1525 1006 1574 aer
1020 1503 1127 1598 juxta
1148 1523 1210 1574 su-

172 1615 359 1711 perficiem
387 1628 508 1703 terrae,
539 1627 581 1688 ut
611 1615 699 1705 dixi,
727 1615 918 1704 laceretur,
950 1614 1021 1688 nisi
1048 1615 1211 1711 corporis

173 1727 312 1824 aliquid
331 1752 376 1800 ex
393 1729 472 1824 ipsa
497 1738 596 1801 terra
619 1728 810 1824 egrediens
828 1740 1020 1825 rupturam
1036 1728 1136 1801 illam
1151 1750 1211 1811 re-

174 1840 338 1929 sarciret,
357 1865 482 1914 rursus
500 1840 548 1914 ad
565 1865 721 1914 vacuum
741 1840 969 1915 redeundum
987 1851 1093 1913 esset.
1144 1840 1212 1914 Sin

174 1954 313 2049 aliquid
324 1977 369 2027 ex
386 1955 466 2049 ipsa
478 1966 576 2027 terra
588 1954 810 2050 egrediatur,
825 1966 915 2027 tunc
926 1952 1118 2026 manifeste
1129 1953 1210 2026 fieri

174 2093 240 2165 per
266 2069 365 2142 hunc
392 2082 534 2147 motum
560 2070 675 2159 vides,
699 2079 741 2141 ut
767 2068 890 2142 fluidae
916 2080 1039 2165 partes
1066 2091 1087 2140 e
1114 2076 1214 2141 terra

175 2193 354 2277 cogantur
389 2183 570 2255 exhalare.
639 2182 814 2278 Idemque
850 2181 1034 2277 contingit
1068 2180 1213 2276 corpori

174 2295 357 2367 humano:
384 2295 483 2391 quod
513 2296 656 2392 quoties
689 2297 800 2369 homo
828 2296 953 2384 sentit,
985 2293 1144 2368 calidum
1173 2317 1211 2366 se

175 2431 254 2480 esse
280 2407 379 2480 dicit.
431 2408 619 2493 Similiter,
647 2408 790 2505 quoties
817 2418 952 2481 terram
980 2406 1080 2480 videt
1105 2430 1211 2503 aquae

174 2533 353 2617 terraeque
386 2522 584 2619 particulas
618 2524 784 2596 emittere
822 2523 948 2597 aestivo
978 2532 1143 2617 tempore
1172 2519 1212 2592 in

175 2633 331 2730 plantas,
349 2658 372 2707 a
388 2634 509 2708 calore
526 2634 612 2708 solis
629 2634 668 2707 id
684 2635 764 2707 fieri
779 2634 934 2731 judicat.

227 2745 276 2819 A.
302 2747 614 2821 Verisimillimum
645 2757 711 2821 est.
763 2748 843 2821 Nec
871 2748 992 2821 minus
1015 2745 1212 2820 verisimile

177 2869 245 2947 est,
264 2859 394 2932 eodem
410 2859 519 2934 modo
537 2884 558 2933 e
575 2860 679 2949 mari,
697 2860 921 2950 fluminibus,
932 2871 971 2934 et
986 2859 1077 2933 locis
1090 2860 1212 2957 palus·

176 2972 303 3061 tribus,
321 2973 478 3046 maxime
495 2996 583 3047 vero
600 2974 646 3046 ab
665 2997 815 3062 oceano,
833 2972 978 3047 evocari
1000 2996 1107 3070 aquae
1129 2996 1215 3070 par·

176 3085 306 3158 tieulas
323 3085 362 3158 in
379 3086 507 3159 nubea.

227 3197 483 3271 Calefactionis
501 3208 625 3271 autem
643 3198 769 3272 multae
783 3199 865 3273 aliae
882 3222 1001 3272 causae
1018 3208 1104 3271 sunt
1119 3221 1214 3294 prae·

177 3321 235 3381 ter
251 3311 435 3383 actionem
453 3310 538 3382 solis
555 3322 621 3382 aut
639 3310 745 3404 ignis
797 3311 880 3384 Duo
899 3311 1001 3406 ligna
1022 3310 1117 3383 inter
1139 3319 1215 3384 tor-

178 3421 340 3495 nandum
358 3421 504 3494 affrictu
521 3435 649 3494 mutuo
667 3422 864 3518 saepissime
879 3423 1139 3497 incenduntur.

230 3534 277 3607 B.
305 3535 503 3608 Manifesta
519 3536 579 3608 hic
597 3547 653 3608 est
669 3558 795 3608 rursus
818 3536 991 3611 laceratio
1004 3537 1111 3626 aeris,
1129 3547 1217 3610 nata

179 3670 202 3718 a
217 3648 376 3721 motibus
394 3648 549 3722 duorum
566 3649 751 3745 lignorum
769 3650 981 3724 contrariis:
1007 3660 1116 3745 atque
1128 3647 1216 3722 inde

179 3761 382 3833 necessario
400 3762 565 3857 sequitur
587 3761 746 3858 egressio
769 3763 931 3858 corporis
954 3762 1054 3859 quod
1080 3763 1120 3834 in
1145 3761 1217 3836 illis

179 3885 237 3946 est
259 3874 370 3963 aerei,
388 3886 437 3963 et,
452 3885 555 3949 motu
572 3875 634 3948 illo
652 3873 878 3965 continuato,
893 3875 1083 3949 dissolutio
1105 3875 1217 3973 parti-

180 3989 345 4061 cularum
363 3987 562 4061 solidarum
580 3989 618 4061 in
632 3987 784 4061 cineres.

231 4100 281 4173 Α.
309 4100 417 4174 Unde
434 4100 478 4173 fit
495 4098 598 4197 quod
613 4099 723 4173 homo
740 4098 917 4173 etiamad
935 4099 1104 4175 sudorem
1123 4099 1218 4175 cale·

180 4215 223 4288 fit
241 4216 288 4288 ab
303 4217 402 4288 omni
419 4214 497 4287 fere
514 4215 639 4287 labore
657 4214 818 4310 corporis
835 4214 1006 4288 insolito?

231 4329 281 4402 B.
310 4328 494 4405 Quoniam
529 4328 692 4425 corporis
720 4327 870 4402 humaui
900 4328 1058 4425 liquores
1084 4326 1220 4402 interni

1251 623 1320 664 GAP.
1335 621 1376 662 w.

1243 689 1387 726 Μ--Ὺ-θ

1257 751 1292 795 De
1302 749 1374 795 calore

1257 814 1345 860 etlnce.
