2946 5010
481 444 816 497 enounrnanuu.
1090 425 1162 496 409

129 622 244 683 tatem
271 618 335 682 aut
362 607 517 683 duarum
544 622 726 682 rectarum
758 607 981 682 distantiam.
1033 607 1163 703 Neque

129 724 276 796 omnino
305 723 473 819 possibile
501 736 557 796 est
583 723 703 797 ideam
728 723 864 796 habere
890 722 995 794 lineae
1020 719 1164 793 infinite

127 837 327 933 productae.
379 838 557 923 Fortasse,
576 860 681 909 exeo
703 835 801 932 quod
824 837 863 908 in
893 847 1062 908 neutram
1079 857 1163 929 par-

128 962 203 1023 tem
226 949 446 1036 coincidunt,
465 948 706 1042 demonstrari
729 960 854 1046 potest
877 947 976 1044 quod
999 959 1163 1041 suntpa-

127 1063 271 1151 rallelae,
290 1064 364 1136 sive
382 1062 478 1158 quod
508 1062 643 1158 ubique
665 1087 765 1160 aeque
784 1062 933 1149 distant,
953 1060 1016 1133 sed
1031 1084 1075 1133 ex
1093 1060 1165 1144 alia

127 1176 382 1272 parallelarum
398 1176 473 1248 sive
490 1174 796 1272 aequidistantium
815 1175 1037 1248 definitione.

177 1289 319 1361 Deinde
335 1312 402 1385 per
419 1289 534 1360 bonas
547 1286 777 1361 definitiones
788 1286 1031 1360 demonstrari
1045 1287 1165 1361 solent

1207 630 1276 671 ΟΔΡ.
1291 630 1334 669 1x.

1203 697 1346 733 »γυ

1215 761 1336 819 Defigura

126 1412 164 1473 et
195 1401 331 1474 debent
357 1401 608 1474 conclusiones
629 1401 776 1496 primae:
803 1402 872 1473 hac
888 1425 977 1474 vero
994 1401 1164 1475 Euclides

127 1538 307 1611 nusquam
324 1513 452 1586 utitur.

178 1627 354 1700 Definitio
373 1625 529 1722 denique
556 1650 674 1722 neque
700 1625 991 1699 demonstrabilis
1009 1636 1077 1713 est,
1095 1650 1164 1700 nec

128 1765 205 1812 esse
236 1741 367 1811 debet:
394 1762 478 1811 cum
504 1739 552 1811 sit
578 1739 900 1811 demonstrationis
930 1737 1162 1834 principium.

178 1855 286 1925 Hanc
304 1865 425 1925 autem
439 1852 697 1926 demonstrabo
714 1877 737 1924 a
754 1851 966 1923 definitione
984 1851 1055 1924 alia
1071 1853 1162 1924 hae:

132 1965 337 2038 Purullelce
369 1975 480 2038 rectae
514 1974 608 2055 suat,
644 1964 683 2039 in
717 1989 868 2061 quorum
902 1988 974 2036 una
1007 1966 1165 2062 sumptis

129 2077 267 2150 duobus
278 2077 431 2175 punctis
448 2078 501 2151 ud
515 2077 748 2174 quodcunque
766 2077 1010 2166 intervallum,
1024 2077 1072 2149 ab
1086 2076 1165 2151 illis

122 2191 276 2288 punctis
308 2190 389 2263 duce
417 2200 524 2263 recte
538 2189 733 2287 facientes
750 2215 828 2263 cum
847 2190 933 2287 ipsa
951 2190 1006 2262 ud
1018 2191 1166 2264 eusdem

122 2313 259 2401 partes
289 2303 448 2402 angellus
476 2304 644 2401 oeqrrolea,
671 2303 788 2376 ductoe
812 2303 866 2376 acl
891 2302 1165 2393 alteramenta

129 2416 301 2513 (equales.
353 2417 409 2488 Ex
427 2440 500 2513 qua
526 2416 737 2489 definitione
764 2416 968 2490 necessario
988 2418 1164 2513 sequitur,

129 2531 218 2602 duas
245 2530 324 2603 illas
350 2543 470 2603 rectas
494 2529 692 2625 productas
710 2554 897 2625 nunquam
915 2554 993 2604 esse
1010 2555 1165 2604 concur-

128 2667 250 2716 suras:
269 2657 311 2716 ut
324 2668 403 2739 quae
419 2643 555 2740 ubique
573 2644 619 2716 ab
636 2643 834 2740 aequalibus
853 2644 962 2717 rectis
979 2645 1166 2741 acqualiter

128 2758 312 2830 inclinatis
330 2757 561 2830 distinentur.

177 2872 349 2945 Definitio
381 2895 463 2944 mea
490 2870 571 2945 haec
596 2870 718 2944 ideam
742 2872 1017 2967 aequidistantiae
1042 2872 1164 2946 animo

127 2988 329 3081 ingenerat,
346 3010 414 3058 nec
440 2986 485 3058 ab
516 2986 588 3058 alia
613 2985 735 3081 priore
761 2985 1002 3059 demonstrari
1021 2997 1163 3081 potest:

127 3112 280 3192 possunt
296 3109 419 3170 autem
436 3099 483 3170 ab
509 3099 571 3170 illa
597 3098 714 3170 multo
744 3098 890 3170 brevius
922 3097 1165 3171 demonstrari

126 3210 381 3304 parallelorum
399 3223 595 3293 rectarum,
612 3209 669 3281 vel
688 3208 798 3281 etiam
812 3209 1068 3304 parallelorum
1086 3210 1165 3306 pla-

126 3346 258 3393 norum
286 3323 539 3418 proprietates,
568 3346 679 3417 quam
706 3332 771 3393 aut
796 3321 843 3393 ab
874 3320 1025 3394 Euclide
1052 3335 1116 3395 aut
1141 3346 1165 3396 a

127 3433 254 3506 Clario
273 3434 583 3507 demonstrantur.

176 3547 295 3642 Atque
321 3547 398 3618 hac
425 3545 523 3618 dicta
550 3545 732 3619 sufficiant
755 3546 801 3619 de
823 3546 1098 3620 definitionibus
1115 3546 1164 3620 ad

126 3659 355 3731 Elementum
386 3658 555 3754 primum,
578 3682 623 3730 ex
649 3659 781 3755 quibus
810 3683 1030 3756 cognoscere
1057 3673 1163 3757 potes

125 3796 233 3867 quam
256 3773 349 3844 bene
369 3782 448 3844 tum
474 3771 630 3859 ClaviuS,
652 3785 731 3843 tum
749 3772 930 3860 Euclides,
954 3787 1032 3846 tum
1051 3775 1163 3849 etiam

126 3909 252 3957 eorum
270 3894 469 3957 sectatores
484 3897 652 3956 naturam
666 3884 932 3979 parallelarum,
943 3898 1008 3959 aut
1025 3888 1162 3983 anguli,

125 4012 189 4070 aut
206 3999 323 4088 lineae,
342 4009 406 4071 aut
422 3998 549 4093 puncti
567 3997 836 4074 intellexerunt.
874 3996 1072 4074 Videamus
1085 4003 1163 4097 jam

119 4111 333 4210 petitiones,
352 4123 474 4184 utrum
494 4135 609 4207 aequae
627 4134 675 4183 an
692 4110 828 4208 iniquae
846 4111 931 4186 sint.
