2946 5010
497 406 832 460 auouurutauu.
1108 391 1181 459 399

142 570 323 643 directum
331 569 551 665 jacentium,
565 571 723 645 alterius
737 573 792 645 ad
802 570 964 644 alterum
979 569 1179 644 inclinatio.
1222 597 1290 638 cor.
1305 598 1372 640 vm.

141 683 265 757 Ideam
284 683 360 756 sive
375 683 571 780 imaginem
590 685 728 781 anguli,
747 683 793 757 de
812 708 885 780 quo
905 696 979 756 tam
998 684 1114 756 multa
1131 683 1183 756 di·
1223 666 1366 782 ὦ

141 809 277 869 cuntur
287 821 310 868 a
321 798 530 893 geometris,
545 799 760 894 impressam
775 798 898 870 animo
911 798 1020 894 pauci
1032 797 1183 871 habent.

142 910 327 1006 Quicquid
340 911 501 985 maxima
514 935 559 984 ex
572 922 677 1009 parte
691 912 728 985 iu
744 912 936 1007 superficie
953 912 1028 984 late
1041 921 1184 1006 patens,

141 1024 276 1097 desinit
292 1024 331 1096 in
349 1035 558 1120 angustum,
573 1025 709 1098 dicitur
726 1025 837 1120 vulgo
854 1025 1022 1120 angulus.
1057 1023 1186 1098 Talem

141 1137 261 1211 ideam
279 1137 416 1234 anguli,
440 1138 552 1210 etiam
574 1137 745 1210 Euclides
769 1162 792 1211 a
810 1138 1016 1234 conspectis
1044 1137 1186 1211 duabus

140 1251 246 1325 lineis
273 1252 577 1325 concurrentibus
608 1262 826 1346 conceptam
852 1250 999 1323 videtur
1027 1249 1186 1343 voluisse

141 1365 213 1438 hoc
236 1364 319 1438 loco
337 1363 457 1438 verbis
475 1363 686 1438 declarare:
720 1387 853 1460 neque,
872 1374 914 1436 ut
931 1363 1089 1454 videtur,
1107 1387 1186 1437 om-

141 1480 229 1552 nino
248 1479 476 1574 cogitaverat
493 1489 558 1551 aut
571 1478 762 1552 audiverat
775 1478 971 1574 quicquam
991 1477 1036 1550 de
1049 1476 1185 1573 angulo

141 1604 344 1667 contactus.
398 1592 620 1688 Quanquam
638 1593 736 1665 enim
758 1593 890 1686 (Elem.
909 1592 959 1666 iii.
985 1615 1090 1689 prop.
1121 1591 1182 1686 16)

141 1717 298 1779 conatur
325 1704 576 1779 demonstrare
600 1706 777 1802 angulum
804 1706 943 1780 factum
965 1730 988 1777 a
1009 1714 1185 1800 tangente

142 1831 179 1892 et
196 1819 490 1893 circumferentia
504 1819 632 1893 circuli
648 1819 830 1892 minorem
842 1842 922 1893 esse
936 1817 1035 1892 omni
1049 1817 1185 1914 angulo

142 1942 263 2018 acuto,
276 1955 458 2028 nusquam
471 1943 596 2006 tamen
609 1932 777 2006 nominat
790 1933 966 2030 angulum
979 1941 1184 2020 contactus,

142 2067 262 2139 neque
289 2043 335 2118 de
365 2045 428 2118 illo
456 2046 524 2118 sub
553 2045 626 2118 alio
655 2046 785 2141 quovis
812 2045 960 2119 nomine
989 2044 1186 2141 quicquam

144 2157 245 2229 dicit.
298 2157 427 2253 Itaque
443 2182 519 2231 non
535 2157 682 2231 videtur
698 2158 856 2231 voluisse
873 2157 1185 2254 comprehendere

143 2270 213 2342 hac
240 2268 455 2344 definitione
482 2270 660 2367 angulum
686 2270 837 2367 planum
863 2271 992 2361 ullum,
1019 2271 1083 2367 qui
1110 2294 1186 2344 non

143 2381 255 2456 firerit
272 2383 434 2479 ejusdem
454 2384 599 2479 generis
613 2406 699 2455 cum
713 2384 848 2478 angulo
861 2384 1067 2456 rectilineo:
1087 2382 1188 2479 quod

145 2496 256 2569 etiam
271 2519 316 2567 ex
334 2519 377 2568 eo
392 2496 515 2592 colligi
532 2505 666 2591 potest,
680 2495 779 2591 quod
796 2495 842 2568 ad
861 2496 986 2592 anguli
1000 2496 1184 2569 definitio-

144 2632 230 2680 nem
257 2609 500 2682 necessariam
526 2608 711 2704 putaverit
739 2631 818 2681 esse
848 2609 1109 2699 conditionem,
1136 2633 1184 2683 ne

144 2720 247 2793 lioecc
264 2746 340 2817 qua
364 2721 542 2821 ungulum
566 2721 729 2816 efficiunt
746 2722 904 2817 jaccant
933 2723 971 2795 in
992 2723 1182 2796 directum.

144 2834 281 2907 Verum
309 2834 397 2931 quid
424 2835 582 2909 voluisse
613 2834 759 2907 videtur
787 2836 970 2924 Euclides
1000 2837 1184 2932 conjicere

144 2947 281 3021 frustra
297 2948 388 3021 erit:
419 2949 537 3044 ipsam
555 2949 805 3023 definitionem
823 2949 1003 3023 verbatim
1020 2949 1187 3024 conside·

145 3085 279 3134 remus

195 3172 305 3254 Quod
315 3185 359 3244 ut
376 3173 505 3247 melius
522 3174 710 3263 faciamus,
723 3198 807 3246 cum
819 3175 867 3248 sit
885 3199 943 3248 res
955 3175 1043 3249 satis
1057 3175 1184 3270 magni

144 3284 413 3357 mathematicis
432 3287 620 3374 momenti,
639 3309 793 3381 quaeque
811 3310 962 3382 magnas
985 3287 1083 3359 inter
1102 3287 1185 3360 Cla-

144 3397 244 3469 vium
272 3410 311 3470 et
337 3397 570 3470 Pelletarium
603 3397 856 3472 contentiones
888 3398 1074 3486 excitavit,
1105 3421 1185 3471 rem

145 3520 263 3582 totam
280 3509 464 3604 descripta
480 3511 600 3605 figura
615 3534 794 3606 ponamus
812 3523 899 3585 ante
917 3512 1052 3584 oculos.

197 3624 254 3695 Sit
272 3634 375 3695 recta
388 3623 454 3696 AB
473 3622 588 3696 divisa
611 3622 782 3695 bifariam
798 3624 836 3696 in
856 3625 897 3713 C,
914 3636 953 3698 et
975 3624 1087 3698 radiis
1106 3623 1184 3713 ΑΟ,

146 3735 209 3808 ΒΟ
239 3735 493 3808 describantur
527 3736 600 3809 duo
631 3735 758 3809 circuli
785 3735 845 3825 Fr,
880 3737 974 3811 GH:
1011 3747 1185 3833 secatque

145 3860 247 3922 recta
263 3849 329 3922 ΕΙ)
347 3860 485 3921 rectam
503 3849 569 3922 AB
586 3847 635 3922 ad
651 3848 806 3943 angulos
822 3860 942 3922 rectos
958 3849 996 3922 in
1016 3849 1057 3926 C.

193 3963 392 4036 Videamus
417 3962 549 4059 prim0,
568 3986 737 4059 quaenam
763 3963 838 4036 sint
863 3963 946 4037 duae
971 3964 1079 4037 lineae
1102 3985 1185 4060 qnae

142 4077 317 4173 angulum
345 4076 585 4165 constituunt,
614 4088 651 4149 et
680 4100 763 4170 quae
791 4074 874 4150 duae
902 4077 1078 4173 angulum
1109 4100 1185 4150 non

142 4191 383 4264 constituunt.
435 4189 562 4263 Rectae
579 4188 656 4277 DC,
681 4188 743 4262 ΟΕ
760 4189 899 4284 absque
917 4189 1030 4263 dubio
1048 4189 1185 4264 consti-

141 4313 250 4377 tuunt
269 4302 481 4400 compositae
498 4326 610 4377 unam
635 4313 774 4376 rectam
800 4302 878 4378 DE.
931 4303 1004 4379 Sed
1021 4327 1071 4378 an
1095 4305 1184 4380 item
