2956 5018
276 388 351 456 488
723 403 964 458 cumcumo.

275 593 385 656 tunes
413 583 559 673 civium,
586 582 851 680 principalem:
877 593 1029 658 caeterus
1055 581 1152 655 uihil
1182 606 1279 656 esse
1309 593 1438 680 praeter

274 718 414 793 ludum.
449 720 624 794 Ludimus
641 720 740 793 enim
757 720 866 794 otiosi
883 720 922 792 in
939 717 1150 792 nominibus
1169 717 1437 804 Grammatici,

275 851 316 926 in
333 853 552 951 syllogismis
569 855 708 952 Logici,
726 855 765 927 in
783 854 882 928 sonis
899 853 1045 942 Musici,
1059 852 1098 925 in
1115 853 1302 925 numeris
1316 852 1438 926 Arith-

275 985 413 1076 metici,
427 987 466 1059 in
480 999 583 1060 motu
595 986 752 1084 Physici,
765 987 804 1060 in
820 986 948 1082 figuris
961 985 1182 1073 Geometrae,
1200 984 1304 1057 dum
1324 985 1437 1058 otium

275 1128 443 1191 nostrum
468 1119 620 1215 negotia
639 1129 790 1192 tuentur
810 1117 1031 1216 Principum.
1082 1115 1165 1190 Nec
1183 1127 1329 1193 tamen
1350 1115 1436 1190 nihil

275 1274 386 1348 agere
403 1251 570 1326 videmur
589 1253 772 1326 nobismet
794 1250 894 1350 ipsis.
946 1250 1088 1326 Praedia
1109 1260 1201 1324 sunt
1227 1251 1435 1347 geometris

275 1384 516 1481 problemata,
532 1385 793 1484 possidentque
810 1409 854 1459 ea
869 1384 1036 1482 plerique
1053 1385 1158 1481 quasi
1178 1385 1277 1482 jure
1295 1385 1435 1460 feudali

276 1518 324 1593 ab
358 1519 519 1616 antiquis
551 1520 764 1617 geometrice
797 1518 954 1593 dominis
987 1519 1152 1609 Euclide,
1183 1519 1434 1608 Archimede,

277 1654 441 1752 aliisque,
458 1678 525 1752 per
541 1655 803 1730 servitudinem
821 1666 861 1728 et
883 1655 1135 1751 pertinaciam.
1187 1655 1345 1732 Schola
1368 1657 1434 1731 illis

277 1786 495 1861 Praetorium
528 1797 596 1876 est,
630 1786 695 1860 ubi
722 1809 850 1860 verum
885 1787 1115 1862 constituunt
1148 1811 1222 1861 suo
1259 1790 1433 1865 arbitrio.

273 1920 366 1996 dure
400 1920 653 2018 occupationis
685 1920 877 1994 inventum
909 1944 1046 1994 novum
1080 1945 1154 1994 non
1191 1924 1432 2020 acquiritur:

275 2054 462 2142 nimirum,
480 2052 581 2150 quod
605 2053 758 2150 quisque
783 2053 923 2150 ingenii
947 2055 1004 2127 sui
1019 2055 1214 2151 proprium
1233 2081 1338 2154 opus
1356 2081 1432 2132 esse

272 2189 465 2287 judicavit,
479 2189 510 2262 si
526 2212 657 2287 porum
674 2188 862 2262 festinanti
878 2189 1065 2285 praeripint
1081 2189 1186 2280 alter,
1201 2190 1355 2288 injuria
1368 2206 1431 2268 est

277 2323 414 2421 Legem
440 2324 537 2397 hanc
563 2323 758 2420 supercilio
787 2322 953 2396 damnari
988 2323 1151 2419 iniquam
1178 2347 1260 2399 non
1294 2330 1430 2424 patior.

276 2456 400 2548 Retio,
415 2458 445 2530 si
458 2458 643 2547 afferatur,
658 2458 793 2531 vincat.
830 2455 904 2529 Sed
915 2456 1045 2529 lectori
1058 2480 1176 2553 neque
1189 2458 1432 2536 intellectum

277 2613 395 2686 neque
417 2589 635 2686 patientium
660 2601 832 2685 praestare
856 2588 986 2661 debeo.
1038 2589 1166 2684 ltaque
1186 2614 1366 2686 provoco
1388 2594 1433 2669 nd

277 2731 434 2809 exteroS,
468 2733 579 2814 atque
613 2720 724 2792 etiam
758 2719 807 2792 ad
839 2731 1019 2815 posteros,
1055 2720 1122 2792 sub
1153 2735 1233 2811 tuo,
1268 2723 1432 2802 hincne

278 2852 500 2940 ancnm,
522 2852 684 2940 nomine,
709 2853 769 2924 cui
797 2876 877 2948 quae
904 2854 1008 2949 cupis
1036 2854 1159 2927 omnia
1190 2855 1301 2933 Deus
1336 2887 1435 2936 com·

277 2986 422 3081 probet,
442 2996 480 3059 et
496 3009 576 3082 qum
593 2984 671 3081 agis
688 2984 878 3058 secundet.

638 3219 886 3294 Serenissimae
903 3221 1130 3294 celsitudinis
1147 3233 1222 3294 tuae

890 3479 1077 3528 servorum
1095 3455 1337 3536 humillimus

981 3690 1160 3762 Tuomns
1181 3689 1389 3773 Honnns.
