<?xml version="1.0" encoding="UTF-8"?>
<!DOCTYPE html PUBLIC "-//W3C//DTD XHTML 1.0 Transitional//EN"
    "http://www.w3.org/TR/xhtml1/DTD/xhtml1-transitional.dtd">
<html xmlns="http://www.w3.org/1999/xhtml" xml:lang="en" lang="en">
 <head>
  <title>
</title>
<meta http-equiv="Content-Type" content="text/html;charset=utf-8" />
  <meta name='ocr-system' content='tesseract 3.04.00' />
  <meta name='ocr-capabilities' content='ocr_page ocr_carea ocr_par ocr_line ocrx_word'/>
</head>
<body>
  <div class='ocr_page' id='page_1' title='image "./thomhobbesmalme01hobbgoog_0184.png"; bbox 0 0 2946 5010; ppageno 0'>
   <div class='ocr_carea' id='block_1_1' title="bbox 398 445 1201 522">
    <p class='ocr_par' dir='ltr' id='par_1_1' title="bbox 398 445 1201 522">
     <span class='ocr_line' id='line_1_1' title="bbox 398 445 1201 522; baseline 0.004 -12"><span class='ocrx_word' id='word_1_1' title='bbox 398 459 712 511; x_wconf 75' lang='lat' dir='ltr'>Marnamnrrcm</span> <span class='ocrx_word' id='word_1_2' title='bbox 733 459 978 512; x_wconf 74' lang='lat' dir='ltr'>noctuarum·</span> <span class='ocrx_word' id='word_1_3' title='bbox 1131 445 1201 522; x_wconf 88' lang='lat'>173</span> 
     </span>
    </p>
   </div>
   <div class='ocr_carea' id='block_1_2' title="bbox 160 621 1389 4441">
    <p class='ocr_par' dir='ltr' id='par_1_2' title="bbox 162 621 1389 946">
     <span class='ocr_line' id='line_1_2' title="bbox 210 621 1389 722; baseline 0 -29"><span class='ocrx_word' id='word_1_4' title='bbox 210 621 256 694; x_wconf 83' lang='lat' dir='ltr'>A.</span> <span class='ocrx_word' id='word_1_5' title='bbox 285 622 476 696; x_wconf 82' lang='lat' dir='ltr'>Hactenus</span> <span class='ocrx_word' id='word_1_6' title='bbox 504 633 683 696; x_wconf 89' lang='lat' dir='ltr'>tractatus</span> <span class='ocrx_word' id='word_1_7' title='bbox 713 624 774 695; x_wconf 87' lang='lat' dir='ltr'>Dc</span> <span class='ocrx_word' id='word_1_8' title='bbox 806 622 954 722; x_wconf 86' lang='lat' dir='ltr'>Augulo</span> <span class='ocrx_word' id='word_1_9' title='bbox 987 623 1200 716; x_wconf 73' lang='lat' dir='ltr'>Contractus,</span> <span class='ocrx_word' id='word_1_10' title='bbox 1237 653 1389 697; x_wconf 75' lang='lat' dir='ltr'>nruoous</span> 
     </span>
     <span class='ocr_line' id='line_1_3' title="bbox 163 737 1386 837; baseline 0.006 -29"><span class='ocrx_word' id='word_1_11' title='bbox 163 761 271 832; x_wconf 91' lang='lat' dir='ltr'>quem</span> <span class='ocrx_word' id='word_1_12' title='bbox 296 737 399 810; x_wconf 87' lang='lat' dir='ltr'>vides</span> <span class='ocrx_word' id='word_1_13' title='bbox 427 738 590 833; x_wconf 91' lang='lat' dir='ltr'>ejusdem</span> <span class='ocrx_word' id='word_1_14' title='bbox 616 760 694 810; x_wconf 89' lang='lat' dir='ltr'>esse</span> <span class='ocrx_word' id='word_1_15' title='bbox 719 737 847 810; x_wconf 84' lang='lat' dir='ltr'>farinae</span> <span class='ocrx_word' id='word_1_16' title='bbox 878 762 962 810; x_wconf 91' lang='lat' dir='ltr'>cum</span> <span class='ocrx_word' id='word_1_17' title='bbox 988 762 1098 835; x_wconf 89' lang='lat' dir='ltr'>opere</span> <span class='ocrx_word' id='word_1_18' title='bbox 1124 742 1202 836; x_wconf 89' lang='lat' dir='ltr'>ejus</span> <span class='ocrx_word' id='word_1_19' title='bbox 1243 738 1386 837; x_wconf 51' lang='lat' dir='ltr'>„L</span> 
     </span>
     <span class='ocr_line' id='line_1_4' title="bbox 162 850 569 946; baseline 0.002 -24"><span class='ocrx_word' id='word_1_20' title='bbox 162 850 394 923; x_wconf 88' lang='lat' dir='ltr'>arithmetico</span> <span class='ocrx_word' id='word_1_21' title='bbox 412 851 569 946; x_wconf 90' lang='lat' dir='ltr'>integro.</span> 
     </span>
    </p>

    <p class='ocr_par' dir='ltr' id='par_1_3' title="bbox 160 964 1220 4323">
     <span class='ocr_line' id='line_1_5' title="bbox 215 964 1205 1060; baseline 0.001 -24"><span class='ocrx_word' id='word_1_22' title='bbox 215 964 264 1036; x_wconf 90' lang='lat' dir='ltr'>B.</span> <span class='ocrx_word' id='word_1_23' title='bbox 291 964 574 1059; x_wconf 82' lang='lat' dir='ltr'>Progrediamur</span> <span class='ocrx_word' id='word_1_24' title='bbox 606 988 695 1060; x_wconf 92' lang='lat' dir='ltr'>ergo</span> <span class='ocrx_word' id='word_1_25' title='bbox 730 964 777 1037; x_wconf 93' lang='lat' dir='ltr'>ad</span> <span class='ocrx_word' id='word_1_26' title='bbox 813 974 1011 1038; x_wconf 87' lang='lat' dir='ltr'>tractatum</span> <span class='ocrx_word' id='word_1_27' title='bbox 1043 964 1090 1036; x_wconf 79' lang='lat' dir='ltr'>dc</span> <span class='ocrx_word' id='word_1_28' title='bbox 1117 964 1205 1037; x_wconf 84' lang='lat' dir='ltr'>Sec·</span> 
     </span>
     <span class='ocr_line' id='line_1_6' title="bbox 165 1076 1204 1174; baseline 0.002 -26"><span class='ocrx_word' id='word_1_29' title='bbox 165 1076 322 1148; x_wconf 83' lang='lat' dir='ltr'>tionibus</span> <span class='ocrx_word' id='word_1_30' title='bbox 350 1076 511 1166; x_wconf 85' lang='lat' dir='ltr'>Couicis,</span> <span class='ocrx_word' id='word_1_31' title='bbox 529 1077 592 1173; x_wconf 91' lang='lat' dir='ltr'>qui</span> <span class='ocrx_word' id='word_1_32' title='bbox 617 1076 856 1172; x_wconf 82' lang='lat' dir='ltr'>distinguitur</span> <span class='ocrx_word' id='word_1_33' title='bbox 885 1077 924 1150; x_wconf 89' lang='lat' dir='ltr'>in</span> <span class='ocrx_word' id='word_1_34' title='bbox 955 1089 1029 1151; x_wconf 91' lang='lat' dir='ltr'>tres</span> <span class='ocrx_word' id='word_1_35' title='bbox 1058 1089 1204 1174; x_wconf 86' lang='lat' dir='ltr'>partes;</span> 
     </span>
     <span class='ocr_line' id='line_1_7' title="bbox 165 1189 1205 1287; baseline 0.002 -26"><span class='ocrx_word' id='word_1_36' title='bbox 165 1214 319 1285; x_wconf 88' lang='lat' dir='ltr'>quarum</span> <span class='ocrx_word' id='word_1_37' title='bbox 350 1189 468 1285; x_wconf 90' lang='lat' dir='ltr'>prima</span> <span class='ocrx_word' id='word_1_38' title='bbox 495 1190 714 1286; x_wconf 91' lang='lat' dir='ltr'>prooemium</span> <span class='ocrx_word' id='word_1_39' title='bbox 736 1190 848 1263; x_wconf 89' lang='lat' dir='ltr'>habet</span> <span class='ocrx_word' id='word_1_40' title='bbox 873 1203 911 1263; x_wconf 91' lang='lat' dir='ltr'>et</span> <span class='ocrx_word' id='word_1_41' title='bbox 938 1190 1205 1287; x_wconf 85' lang='lat' dir='ltr'>propositiones</span> 
     </span>
     <span class='ocr_line' id='line_1_8' title="bbox 164 1302 1204 1400; baseline 0.003 -27"><span class='ocrx_word' id='word_1_42' title='bbox 164 1302 319 1398; x_wconf 86' lang='lat' dir='ltr'>viginti:</span> <span class='ocrx_word' id='word_1_43' title='bbox 360 1302 532 1394; x_wconf 89' lang='lat' dir='ltr'>secunda,</span> <span class='ocrx_word' id='word_1_44' title='bbox 567 1304 835 1399; x_wconf 87' lang='lat' dir='ltr'>propositiones</span> <span class='ocrx_word' id='word_1_45' title='bbox 868 1304 1000 1400; x_wconf 81' lang='lat' dir='ltr'>viginti</span> <span class='ocrx_word' id='word_1_46' title='bbox 1034 1315 1071 1377; x_wconf 91' lang='lat' dir='ltr'>et</span> <span class='ocrx_word' id='word_1_47' title='bbox 1104 1314 1204 1376; x_wconf 81' lang='lat' dir='ltr'>tres:</span> 
     </span>
     <span class='ocr_line' id='line_1_9' title="bbox 165 1414 1206 1513; baseline 0.001 -25"><span class='ocrx_word' id='word_1_48' title='bbox 165 1417 285 1499; x_wconf 86' lang='lat' dir='ltr'>tertia,</span> <span class='ocrx_word' id='word_1_49' title='bbox 311 1414 579 1511; x_wconf 88' lang='lat' dir='ltr'>propositiones</span> <span class='ocrx_word' id='word_1_50' title='bbox 603 1440 678 1489; x_wconf 85' lang='lat' dir='ltr'>sex.</span> <span class='ocrx_word' id='word_1_51' title='bbox 735 1416 779 1488; x_wconf 96' lang='lat' dir='ltr'>In</span> <span class='ocrx_word' id='word_1_52' title='bbox 809 1417 986 1512; x_wconf 91' lang='lat' dir='ltr'>prooemio</span> <span class='ocrx_word' id='word_1_53' title='bbox 1013 1416 1095 1513; x_wconf 91' lang='lat' dir='ltr'>plus</span> <span class='ocrx_word' id='word_1_54' title='bbox 1121 1439 1206 1513; x_wconf 90' lang='lat' dir='ltr'>pro-</span> 
     </span>
     <span class='ocr_line' id='line_1_10' title="bbox 165 1529 1208 1625; baseline 0.001 -25"><span class='ocrx_word' id='word_1_55' title='bbox 165 1529 282 1600; x_wconf 85' lang='lat' dir='ltr'>mittit</span> <span class='ocrx_word' id='word_1_56' title='bbox 300 1552 408 1624; x_wconf 87' lang='lat' dir='ltr'>quam</span> <span class='ocrx_word' id='word_1_57' title='bbox 427 1539 510 1624; x_wconf 86' lang='lat' dir='ltr'>post</span> <span class='ocrx_word' id='word_1_58' title='bbox 531 1539 694 1624; x_wconf 86' lang='lat' dir='ltr'>praestat.</span> <span class='ocrx_word' id='word_1_59' title='bbox 734 1529 917 1624; x_wconf 87' lang='lat' dir='ltr'>Supponit</span> <span class='ocrx_word' id='word_1_60' title='bbox 934 1540 1057 1602; x_wconf 89' lang='lat' dir='ltr'>autem</span> <span class='ocrx_word' id='word_1_61' title='bbox 1076 1552 1208 1625; x_wconf 92' lang='lat' dir='ltr'>propo·</span> 
     </span>
     <span class='ocr_line' id='line_1_11' title="bbox 166 1639 1206 1738; baseline 0.001 -26"><span class='ocrx_word' id='word_1_62' title='bbox 166 1641 250 1713; x_wconf 90' lang='lat' dir='ltr'>sitio</span> <span class='ocrx_word' id='word_1_63' title='bbox 274 1642 403 1736; x_wconf 90' lang='lat' dir='ltr'>prima,</span> <span class='ocrx_word' id='word_1_64' title='bbox 420 1641 578 1738; x_wconf 83' lang='lat' dir='ltr'>planum</span> <span class='ocrx_word' id='word_1_65' title='bbox 601 1639 785 1737; x_wconf 83' lang='lat' dir='ltr'>quodlibet</span> <span class='ocrx_word' id='word_1_66' title='bbox 811 1642 966 1736; x_wconf 78' lang='lat' dir='ltr'>constari</span> <span class='ocrx_word' id='word_1_67' title='bbox 989 1666 1035 1715; x_wconf 82' lang='lat' dir='ltr'>eu</span> <span class='ocrx_word' id='word_1_68' title='bbox 1053 1641 1206 1737; x_wconf 70' lang='lat' dir='ltr'>irfiuitis</span> 
     </span>
     <span class='ocr_line' id='line_1_12' title="bbox 160 1751 1205 1851; baseline 0 -27"><span class='ocrx_word' id='word_1_69' title='bbox 160 1751 536 1851; x_wconf 79' lang='lat' dir='ltr'>parallelogrammis</span> <span class='ocrx_word' id='word_1_70' title='bbox 557 1751 774 1850; x_wconf 67' lang='lat' dir='ltr'>capitalibus,</span> <span class='ocrx_word' id='word_1_71' title='bbox 792 1777 941 1849; x_wconf 86' lang='lat' dir='ltr'>quorum</span> <span class='ocrx_word' id='word_1_72' title='bbox 964 1754 1110 1851; x_wconf 81' lang='lat' dir='ltr'>quidem</span> <span class='ocrx_word' id='word_1_73' title='bbox 1136 1753 1205 1825; x_wconf 84' lang='lat' dir='ltr'>siu-</span> 
     </span>
     <span class='ocr_line' id='line_1_13' title="bbox 166 1864 1208 1963; baseline 0.001 -26"><span class='ocrx_word' id='word_1_74' title='bbox 166 1865 338 1962; x_wconf 69' lang='lat' dir='ltr'>gulosum</span> <span class='ocrx_word' id='word_1_75' title='bbox 348 1864 508 1938; x_wconf 81' lang='lat' dir='ltr'>altitudo</span> <span class='ocrx_word' id='word_1_76' title='bbox 519 1865 570 1937; x_wconf 85' lang='lat' dir='ltr'>sil</span> <span class='ocrx_word' id='word_1_77' title='bbox 584 1864 697 1936; x_wconf 83' lang='lat' dir='ltr'>totius</span> <span class='ocrx_word' id='word_1_78' title='bbox 711 1864 921 1938; x_wconf 85' lang='lat' dir='ltr'>altitudinis</span> <span class='ocrx_word' id='word_1_79' title='bbox 926 1889 1027 1963; x_wconf 80' lang='lat' dir='ltr'>pars</span> <span class='ocrx_word' id='word_1_80' title='bbox 1038 1865 1208 1962; x_wconf 87' lang='lat' dir='ltr'>aliquota</span> 
     </span>
     <span class='ocr_line' id='line_1_14' title="bbox 168 1977 1207 2075; baseline 0.001 -26"><span class='ocrx_word' id='word_1_81' title='bbox 168 1978 307 2073; x_wconf 78' lang='lat' dir='ltr'>irpiaite</span> <span class='ocrx_word' id='word_1_82' title='bbox 317 2002 453 2075; x_wconf 84' lang='lat' dir='ltr'>parua.</span> <span class='ocrx_word' id='word_1_83' title='bbox 486 1980 679 2067; x_wconf 72' lang='lat' dir='ltr'>Praetereo,</span> <span class='ocrx_word' id='word_1_84' title='bbox 694 1978 794 2073; x_wconf 92' lang='lat' dir='ltr'>quod</span> <span class='ocrx_word' id='word_1_85' title='bbox 809 1979 839 2051; x_wconf 91' lang='lat' dir='ltr'>si</span> <span class='ocrx_word' id='word_1_86' title='bbox 852 1979 1001 2075; x_wconf 90' lang='lat' dir='ltr'>planum</span> <span class='ocrx_word' id='word_1_87' title='bbox 1017 1977 1207 2075; x_wconf 91' lang='lat' dir='ltr'>parallelo-</span> 
     </span>
     <span class='ocr_line' id='line_1_15' title="bbox 168 2089 1208 2187; baseline 0.001 -26"><span class='ocrx_word' id='word_1_88' title='bbox 168 2115 372 2187; x_wconf 89' lang='lat' dir='ltr'>grammum</span> <span class='ocrx_word' id='word_1_89' title='bbox 404 2114 478 2162; x_wconf 93' lang='lat' dir='ltr'>non</span> <span class='ocrx_word' id='word_1_90' title='bbox 509 2090 569 2178; x_wconf 94' lang='lat' dir='ltr'>sit,</span> <span class='ocrx_word' id='word_1_91' title='bbox 605 2089 756 2162; x_wconf 89' lang='lat' dir='ltr'>conflari</span> <span class='ocrx_word' id='word_1_92' title='bbox 784 2113 828 2162; x_wconf 84' lang='lat' dir='ltr'>ex</span> <span class='ocrx_word' id='word_1_93' title='bbox 860 2090 1208 2186; x_wconf 85' lang='lat' dir='ltr'>parallelogrammis</span> 
     </span>
     <span class='ocr_line' id='line_1_16' title="bbox 169 2202 1209 2299; baseline 0.002 -25"><span class='ocrx_word' id='word_1_94' title='bbox 169 2226 244 2275; x_wconf 93' lang='lat' dir='ltr'>non</span> <span class='ocrx_word' id='word_1_95' title='bbox 261 2213 393 2298; x_wconf 90' lang='lat' dir='ltr'>potest.</span> <span class='ocrx_word' id='word_1_96' title='bbox 445 2202 628 2275; x_wconf 85' lang='lat' dir='ltr'>Praetereo</span> <span class='ocrx_word' id='word_1_97' title='bbox 653 2202 754 2291; x_wconf 89' lang='lat' dir='ltr'>item,</span> <span class='ocrx_word' id='word_1_98' title='bbox 775 2202 876 2297; x_wconf 89' lang='lat' dir='ltr'>quod</span> <span class='ocrx_word' id='word_1_99' title='bbox 897 2203 1048 2299; x_wconf 90' lang='lat' dir='ltr'>planum</span> <span class='ocrx_word' id='word_1_100' title='bbox 1064 2203 1209 2276; x_wconf 88' lang='lat' dir='ltr'>finitum</span> 
     </span>
     <span class='ocr_line' id='line_1_17' title="bbox 169 2313 1209 2413; baseline 0.001 -25"><span class='ocrx_word' id='word_1_101' title='bbox 169 2340 215 2388; x_wconf 88' lang='lat' dir='ltr'>ex</span> <span class='ocrx_word' id='word_1_102' title='bbox 239 2315 390 2387; x_wconf 88' lang='lat' dir='ltr'>infinitis</span> <span class='ocrx_word' id='word_1_103' title='bbox 413 2313 762 2410; x_wconf 90' lang='lat' dir='ltr'>parallelogrammis</span> <span class='ocrx_word' id='word_1_104' title='bbox 791 2315 943 2389; x_wconf 89' lang='lat' dir='ltr'>conflari</span> <span class='ocrx_word' id='word_1_105' title='bbox 969 2340 1044 2389; x_wconf 91' lang='lat' dir='ltr'>non</span> <span class='ocrx_word' id='word_1_106' title='bbox 1075 2327 1209 2413; x_wconf 90' lang='lat' dir='ltr'>potest.</span> 
     </span>
     <span class='ocr_line' id='line_1_18' title="bbox 172 2428 1212 2525; baseline 0 -24"><span class='ocrx_word' id='word_1_107' title='bbox 172 2429 237 2501; x_wconf 91' lang='lat' dir='ltr'>llle</span> <span class='ocrx_word' id='word_1_108' title='bbox 255 2442 377 2501; x_wconf 88' lang='lat' dir='ltr'>autem</span> <span class='ocrx_word' id='word_1_109' title='bbox 395 2428 467 2500; x_wconf 91' lang='lat' dir='ltr'>hoc</span> <span class='ocrx_word' id='word_1_110' title='bbox 488 2428 606 2500; x_wconf 88' lang='lat' dir='ltr'>voluit</span> <span class='ocrx_word' id='word_1_111' title='bbox 629 2428 780 2501; x_wconf 88' lang='lat' dir='ltr'>conflari</span> <span class='ocrx_word' id='word_1_112' title='bbox 804 2428 954 2525; x_wconf 91' lang='lat' dir='ltr'>planum</span> <span class='ocrx_word' id='word_1_113' title='bbox 984 2454 1030 2502; x_wconf 86' lang='lat' dir='ltr'>ex</span> <span class='ocrx_word' id='word_1_114' title='bbox 1059 2429 1212 2502; x_wconf 88' lang='lat' dir='ltr'>infinitis</span> 
     </span>
     <span class='ocr_line' id='line_1_19' title="bbox 172 2540 1211 2638; baseline 0 -25"><span class='ocrx_word' id='word_1_115' title='bbox 172 2566 324 2614; x_wconf 91' lang='lat' dir='ltr'>numero</span> <span class='ocrx_word' id='word_1_116' title='bbox 339 2541 711 2638; x_wconf 88' lang='lat' dir='ltr'>parallelogrammis;</span> <span class='ocrx_word' id='word_1_117' title='bbox 739 2540 836 2614; x_wconf 91' lang='lat' dir='ltr'>idem</span> <span class='ocrx_word' id='word_1_118' title='bbox 871 2553 1006 2638; x_wconf 90' lang='lat' dir='ltr'>putans</span> <span class='ocrx_word' id='word_1_119' title='bbox 1029 2565 1107 2616; x_wconf 91' lang='lat' dir='ltr'>esse</span> <span class='ocrx_word' id='word_1_120' title='bbox 1130 2541 1211 2615; x_wconf 93' lang='lat' dir='ltr'>infi-</span> 
     </span>
     <span class='ocr_line' id='line_1_20' title="bbox 172 2654 1212 2752; baseline 0.001 -25"><span class='ocrx_word' id='word_1_121' title='bbox 172 2655 252 2728; x_wconf 90' lang='lat' dir='ltr'>nita</span> <span class='ocrx_word' id='word_1_122' title='bbox 268 2654 620 2750; x_wconf 84' lang='lat' dir='ltr'>parallelogramma,</span> <span class='ocrx_word' id='word_1_123' title='bbox 636 2665 674 2727; x_wconf 89' lang='lat' dir='ltr'>ct</span> <span class='ocrx_word' id='word_1_124' title='bbox 691 2655 834 2728; x_wconf 90' lang='lat' dir='ltr'>infinita</span> <span class='ocrx_word' id='word_1_125' title='bbox 851 2679 1003 2729; x_wconf 92' lang='lat' dir='ltr'>numero</span> <span class='ocrx_word' id='word_1_126' title='bbox 1020 2655 1212 2752; x_wconf 88' lang='lat' dir='ltr'>parallelo-</span> 
     </span>
     <span class='ocr_line' id='line_1_21' title="bbox 172 2765 1213 2864; baseline 0.001 -25"><span class='ocrx_word' id='word_1_127' title='bbox 172 2791 348 2862; x_wconf 90' lang='lat' dir='ltr'>gramma.</span> <span class='ocrx_word' id='word_1_128' title='bbox 414 2766 458 2839; x_wconf 93' lang='lat' dir='ltr'>ld</span> <span class='ocrx_word' id='word_1_129' title='bbox 492 2765 592 2862; x_wconf 91' lang='lat' dir='ltr'>quod</span> <span class='ocrx_word' id='word_1_130' title='bbox 625 2778 753 2840; x_wconf 87' lang='lat' dir='ltr'>notare</span> <span class='ocrx_word' id='word_1_131' title='bbox 789 2767 882 2857; x_wconf 92' lang='lat' dir='ltr'>volo,</span> <span class='ocrx_word' id='word_1_132' title='bbox 915 2769 986 2841; x_wconf 90' lang='lat' dir='ltr'>hoc</span> <span class='ocrx_word' id='word_1_133' title='bbox 1016 2780 1082 2859; x_wconf 89' lang='lat' dir='ltr'>est,</span> <span class='ocrx_word' id='word_1_134' title='bbox 1113 2767 1213 2864; x_wconf 92' lang='lat' dir='ltr'>quod</span> 
     </span>
     <span class='ocr_line' id='line_1_22' title="bbox 174 2879 1212 2977; baseline 0.001 -24"><span class='ocrx_word' id='word_1_135' title='bbox 174 2891 357 2977; x_wconf 86' lang='lat' dir='ltr'>supponat</span> <span class='ocrx_word' id='word_1_136' title='bbox 382 2889 524 2974; x_wconf 89' lang='lat' dir='ltr'>partem</span> <span class='ocrx_word' id='word_1_137' title='bbox 550 2879 710 2975; x_wconf 90' lang='lat' dir='ltr'>aliquam</span> <span class='ocrx_word' id='word_1_138' title='bbox 736 2880 936 2975; x_wconf 87' lang='lat' dir='ltr'>aliquotam</span> <span class='ocrx_word' id='word_1_139' title='bbox 963 2904 1041 2954; x_wconf 90' lang='lat' dir='ltr'>esse</span> <span class='ocrx_word' id='word_1_140' title='bbox 1071 2881 1212 2954; x_wconf 86' lang='lat' dir='ltr'>infinite</span> 
     </span>
     <span class='ocr_line' id='line_1_23' title="bbox 174 2992 1213 3090; baseline 0.001 -24"><span class='ocrx_word' id='word_1_141' title='bbox 174 3018 346 3090; x_wconf 89' lang='lat' dir='ltr'>parvam;</span> <span class='ocrx_word' id='word_1_142' title='bbox 365 3017 449 3065; x_wconf 91' lang='lat' dir='ltr'>nam</span> <span class='ocrx_word' id='word_1_143' title='bbox 464 3003 520 3064; x_wconf 90' lang='lat' dir='ltr'>est</span> <span class='ocrx_word' id='word_1_144' title='bbox 533 2992 778 3065; x_wconf 88' lang='lat' dir='ltr'>contradictio</span> <span class='ocrx_word' id='word_1_145' title='bbox 789 2993 827 3065; x_wconf 89' lang='lat' dir='ltr'>in</span> <span class='ocrx_word' id='word_1_146' title='bbox 840 2993 997 3088; x_wconf 87' lang='lat' dir='ltr'>adjecto,</span> <span class='ocrx_word' id='word_1_147' title='bbox 1008 3018 1083 3067; x_wconf 90' lang='lat' dir='ltr'>non</span> <span class='ocrx_word' id='word_1_148' title='bbox 1095 2995 1213 3067; x_wconf 87' lang='lat' dir='ltr'>minor</span> 
     </span>
     <span class='ocr_line' id='line_1_24' title="bbox 176 3105 1214 3204; baseline 0 -24"><span class='ocrx_word' id='word_1_149' title='bbox 176 3132 287 3204; x_wconf 92' lang='lat' dir='ltr'>quam</span> <span class='ocrx_word' id='word_1_150' title='bbox 304 3107 335 3179; x_wconf 90' lang='lat' dir='ltr'>si</span> <span class='ocrx_word' id='word_1_151' title='bbox 352 3105 432 3201; x_wconf 91' lang='lat' dir='ltr'>quis</span> <span class='ocrx_word' id='word_1_152' title='bbox 451 3105 589 3178; x_wconf 88' lang='lat' dir='ltr'>diceret</span> <span class='ocrx_word' id='word_1_153' title='bbox 615 3129 764 3178; x_wconf 86' lang='lat' dir='ltr'>curvam</span> <span class='ocrx_word' id='word_1_154' title='bbox 790 3105 949 3200; x_wconf 87' lang='lat' dir='ltr'>aliquam</span> <span class='ocrx_word' id='word_1_155' title='bbox 973 3106 1107 3180; x_wconf 90' lang='lat' dir='ltr'>lineam</span> <span class='ocrx_word' id='word_1_156' title='bbox 1135 3130 1214 3180; x_wconf 91' lang='lat' dir='ltr'>esse</span> 
     </span>
     <span class='ocr_line' id='line_1_25' title="bbox 175 3218 1216 3315; baseline 0 -22"><span class='ocrx_word' id='word_1_157' title='bbox 175 3234 327 3293; x_wconf 90' lang='lat' dir='ltr'>rectam.</span> <span class='ocrx_word' id='word_1_158' title='bbox 382 3220 474 3291; x_wconf 89' lang='lat' dir='ltr'>Cum</span> <span class='ocrx_word' id='word_1_159' title='bbox 492 3218 589 3290; x_wconf 90' lang='lat' dir='ltr'>euim</span> <span class='ocrx_word' id='word_1_160' title='bbox 614 3218 703 3291; x_wconf 90' lang='lat' dir='ltr'>dicit</span> <span class='ocrx_word' id='word_1_161' title='bbox 729 3229 872 3314; x_wconf 89' lang='lat' dir='ltr'>partem</span> <span class='ocrx_word' id='word_1_162' title='bbox 894 3219 1107 3315; x_wconf 88' lang='lat' dir='ltr'>aliquotam,</span> <span class='ocrx_word' id='word_1_163' title='bbox 1127 3219 1216 3293; x_wconf 90' lang='lat' dir='ltr'>dicit</span> 
     </span>
     <span class='ocr_line' id='line_1_26' title="bbox 177 3331 1216 3430; baseline -0.002 -24"><span class='ocrx_word' id='word_1_164' title='bbox 177 3334 421 3430; x_wconf 88' lang='lat' dir='ltr'>quantitatem</span> <span class='ocrx_word' id='word_1_165' title='bbox 456 3333 495 3405; x_wconf 93' lang='lat' dir='ltr'>in</span> <span class='ocrx_word' id='word_1_166' title='bbox 529 3331 755 3427; x_wconf 87' lang='lat' dir='ltr'>quantitates</span> <span class='ocrx_word' id='word_1_167' title='bbox 791 3332 1008 3405; x_wconf 86' lang='lat' dir='ltr'>divisibilem</span> <span class='ocrx_word' id='word_1_168' title='bbox 1038 3344 1216 3428; x_wconf 88' lang='lat' dir='ltr'>perpetuo</span> 
     </span>
     <span class='ocr_line' id='line_1_27' title="bbox 177 3445 1217 3541; baseline -0.001 -23"><span class='ocrx_word' id='word_1_169' title='bbox 177 3447 386 3519; x_wconf 89' lang='lat' dir='ltr'>divisibiles.</span> <span class='ocrx_word' id='word_1_170' title='bbox 424 3445 462 3518; x_wconf 85' lang='lat' dir='ltr'>Si</span> <span class='ocrx_word' id='word_1_171' title='bbox 481 3469 569 3539; x_wconf 93' lang='lat' dir='ltr'>ergo</span> <span class='ocrx_word' id='word_1_172' title='bbox 587 3469 672 3540; x_wconf 91' lang='lat' dir='ltr'>pars</span> <span class='ocrx_word' id='word_1_173' title='bbox 689 3445 853 3539; x_wconf 88' lang='lat' dir='ltr'>aliquota</span> <span class='ocrx_word' id='word_1_174' title='bbox 870 3445 918 3518; x_wconf 92' lang='lat' dir='ltr'>sit</span> <span class='ocrx_word' id='word_1_175' title='bbox 935 3445 1075 3517; x_wconf 87' lang='lat' dir='ltr'>infinite</span> <span class='ocrx_word' id='word_1_176' title='bbox 1092 3469 1217 3541; x_wconf 89' lang='lat' dir='ltr'>parva,</span> 
     </span>
     <span class='ocr_line' id='line_1_28' title="bbox 178 3557 1219 3654; baseline 0 -24"><span class='ocrx_word' id='word_1_177' title='bbox 178 3560 249 3630; x_wconf 88' lang='lat' dir='ltr'>erit</span> <span class='ocrx_word' id='word_1_178' title='bbox 266 3559 328 3629; x_wconf 84' lang='lat' dir='ltr'>illa</span> <span class='ocrx_word' id='word_1_179' title='bbox 345 3558 448 3630; x_wconf 91' lang='lat' dir='ltr'>nihil.</span> <span class='ocrx_word' id='word_1_180' title='bbox 499 3558 548 3629; x_wconf 86' lang='lat' dir='ltr'>Et</span> <span class='ocrx_word' id='word_1_181' title='bbox 566 3557 652 3652; x_wconf 93' lang='lat' dir='ltr'>quia</span> <span class='ocrx_word' id='word_1_182' title='bbox 668 3581 754 3652; x_wconf 93' lang='lat' dir='ltr'>pars</span> <span class='ocrx_word' id='word_1_183' title='bbox 777 3557 942 3654; x_wconf 88' lang='lat' dir='ltr'>aliquota</span> <span class='ocrx_word' id='word_1_184' title='bbox 960 3557 1008 3630; x_wconf 90' lang='lat' dir='ltr'>ad</span> <span class='ocrx_word' id='word_1_185' title='bbox 1026 3569 1145 3630; x_wconf 89' lang='lat' dir='ltr'>totum</span> <span class='ocrx_word' id='word_1_186' title='bbox 1162 3569 1219 3631; x_wconf 86' lang='lat' dir='ltr'>est</span> 
     </span>
     <span class='ocr_line' id='line_1_29' title="bbox 177 3670 1218 3767; baseline 0.001 -24"><span class='ocrx_word' id='word_1_187' title='bbox 177 3683 220 3743; x_wconf 89' lang='lat' dir='ltr'>ut</span> <span class='ocrx_word' id='word_1_188' title='bbox 250 3694 363 3743; x_wconf 92' lang='lat' dir='ltr'>unum</span> <span class='ocrx_word' id='word_1_189' title='bbox 390 3671 437 3743; x_wconf 93' lang='lat' dir='ltr'>ad</span> <span class='ocrx_word' id='word_1_190' title='bbox 464 3695 669 3760; x_wconf 89' lang='lat' dir='ltr'>numerum,</span> <span class='ocrx_word' id='word_1_191' title='bbox 696 3671 766 3743; x_wconf 88' lang='lat' dir='ltr'>erit</span> <span class='ocrx_word' id='word_1_192' title='bbox 796 3694 952 3767; x_wconf 90' lang='lat' dir='ltr'>quoque,</span> <span class='ocrx_word' id='word_1_193' title='bbox 981 3681 1023 3742; x_wconf 91' lang='lat' dir='ltr'>ut</span> <span class='ocrx_word' id='word_1_194' title='bbox 1050 3671 1142 3743; x_wconf 93' lang='lat' dir='ltr'>nihil</span> <span class='ocrx_word' id='word_1_195' title='bbox 1170 3670 1218 3744; x_wconf 89' lang='lat' dir='ltr'>ad</span> 
     </span>
     <span class='ocr_line' id='line_1_30' title="bbox 180 3782 1218 3880; baseline 0 -25"><span class='ocrx_word' id='word_1_196' title='bbox 180 3783 436 3880; x_wconf 89' lang='lat' dir='ltr'>quantitatem,</span> <span class='ocrx_word' id='word_1_197' title='bbox 455 3782 507 3855; x_wconf 91' lang='lat' dir='ltr'>ita</span> <span class='ocrx_word' id='word_1_198' title='bbox 523 3783 645 3855; x_wconf 91' lang='lat' dir='ltr'>unitas</span> <span class='ocrx_word' id='word_1_199' title='bbox 663 3783 711 3855; x_wconf 92' lang='lat' dir='ltr'>ad</span> <span class='ocrx_word' id='word_1_200' title='bbox 733 3806 936 3855; x_wconf 90' lang='lat' dir='ltr'>nnmerum.</span> <span class='ocrx_word' id='word_1_201' title='bbox 990 3783 1123 3855; x_wconf 90' lang='lat' dir='ltr'>Nonne</span> <span class='ocrx_word' id='word_1_202' title='bbox 1147 3783 1218 3856; x_wconf 91' lang='lat' dir='ltr'>hoc</span> 
     </span>
     <span class='ocr_line' id='line_1_31' title="bbox 180 3894 1220 3993; baseline 0 -25"><span class='ocrx_word' id='word_1_203' title='bbox 180 3919 282 3991; x_wconf 87' lang='lat' dir='ltr'>aeque</span> <span class='ocrx_word' id='word_1_204' title='bbox 301 3895 498 3969; x_wconf 90' lang='lat' dir='ltr'>absurdum</span> <span class='ocrx_word' id='word_1_205' title='bbox 517 3906 583 3982; x_wconf 89' lang='lat' dir='ltr'>est,</span> <span class='ocrx_word' id='word_1_206' title='bbox 601 3920 644 3968; x_wconf 90' lang='lat' dir='ltr'>ac</span> <span class='ocrx_word' id='word_1_207' title='bbox 670 3894 760 3968; x_wconf 91' lang='lat' dir='ltr'>illud</span> <span class='ocrx_word' id='word_1_208' title='bbox 777 3895 905 3984; x_wconf 89' lang='lat' dir='ltr'>Clavii,</span> <span class='ocrx_word' id='word_1_209' title='bbox 925 3895 1084 3967; x_wconf 81' lang='lat' dir='ltr'>transiri</span> <span class='ocrx_word' id='word_1_210' title='bbox 1104 3920 1220 3993; x_wconf 78' lang='lat' dir='ltr'>posse</span> 
     </span>
     <span class='ocr_line' id='line_1_32' title="bbox 180 4007 1220 4105; baseline 0.001 -25"><span class='ocrx_word' id='word_1_211' title='bbox 180 4034 204 4080; x_wconf 93' lang='lat' dir='ltr'>a</span> <span class='ocrx_word' id='word_1_212' title='bbox 226 4008 366 4080; x_wconf 83' lang='lat' dir='ltr'>minore</span> <span class='ocrx_word' id='word_1_213' title='bbox 392 4008 447 4080; x_wconf 78' lang='lat' dir='ltr'>acl</span> <span class='ocrx_word' id='word_1_214' title='bbox 469 4011 600 4102; x_wconf 78' lang='lat' dir='ltr'>majus,</span> <span class='ocrx_word' id='word_1_215' title='bbox 623 4033 688 4081; x_wconf 82' lang='lat' dir='ltr'>aaa</span> <span class='ocrx_word' id='word_1_216' title='bbox 714 4018 835 4080; x_wconf 84' lang='lat' dir='ltr'>tamea</span> <span class='ocrx_word' id='word_1_217' title='bbox 853 4032 929 4105; x_wconf 81' lang='lat' dir='ltr'>per</span> <span class='ocrx_word' id='word_1_218' title='bbox 945 4007 1121 4104; x_wconf 73' lang='lat' dir='ltr'>ecquale?</span> <span class='ocrx_word' id='word_1_219' title='bbox 1170 4009 1220 4081; x_wconf 80' lang='lat' dir='ltr'>Et</span> 
     </span>
     <span class='ocr_line' id='line_1_33' title="bbox 180 4120 1219 4218; baseline 0.003 -25"><span class='ocrx_word' id='word_1_220' title='bbox 180 4121 296 4195; x_wconf 91' lang='lat' dir='ltr'>multo</span> <span class='ocrx_word' id='word_1_221' title='bbox 327 4120 443 4216; x_wconf 89' lang='lat' dir='ltr'>magis</span> <span class='ocrx_word' id='word_1_222' title='bbox 474 4120 673 4193; x_wconf 90' lang='lat' dir='ltr'>absurdum</span> <span class='ocrx_word' id='word_1_223' title='bbox 708 4146 816 4217; x_wconf 91' lang='lat' dir='ltr'>qnam</span> <span class='ocrx_word' id='word_1_224' title='bbox 845 4120 921 4194; x_wconf 90' lang='lat' dir='ltr'>ulla</span> <span class='ocrx_word' id='word_1_225' title='bbox 950 4133 1014 4194; x_wconf 87' lang='lat' dir='ltr'>aut</span> <span class='ocrx_word' id='word_1_226' title='bbox 1045 4120 1219 4218; x_wconf 88' lang='lat' dir='ltr'>Scaligeri</span> 
     </span>
     <span class='ocr_line' id='line_1_34' title="bbox 182 4234 650 4323; baseline -0.006 -15"><span class='ocrx_word' id='word_1_227' title='bbox 182 4235 379 4323; x_wconf 78' lang='lat' dir='ltr'>conclusio,</span> <span class='ocrx_word' id='word_1_228' title='bbox 399 4246 462 4306; x_wconf 89' lang='lat' dir='ltr'>aut</span> <span class='ocrx_word' id='word_1_229' title='bbox 480 4234 650 4308; x_wconf 84' lang='lat' dir='ltr'>Orontii?</span> 
     </span>
    </p>

    <p class='ocr_par' dir='ltr' id='par_1_4' title="bbox 233 4347 1219 4441">
     <span class='ocr_line' id='line_1_35' title="bbox 233 4347 1219 4441; baseline -0.001 -20"><span class='ocrx_word' id='word_1_230' title='bbox 233 4350 281 4421; x_wconf 81' lang='lat' dir='ltr'>A.</span> <span class='ocrx_word' id='word_1_231' title='bbox 311 4349 367 4421; x_wconf 90' lang='lat' dir='ltr'>lta</span> <span class='ocrx_word' id='word_1_232' title='bbox 397 4360 463 4419; x_wconf 88' lang='lat' dir='ltr'>est.</span> <span class='ocrx_word' id='word_1_233' title='bbox 524 4347 653 4441; x_wconf 90' lang='lat' dir='ltr'>Neque</span> <span class='ocrx_word' id='word_1_234' title='bbox 683 4359 783 4420; x_wconf 88' lang='lat' dir='ltr'>recte</span> <span class='ocrx_word' id='word_1_235' title='bbox 814 4347 904 4420; x_wconf 87' lang='lat' dir='ltr'>dicit</span> <span class='ocrx_word' id='word_1_236' title='bbox 934 4359 1219 4422; x_wconf 87' lang='lat' dir='ltr'>cousentaneum</span> 
     </span>
    </p>
   </div>
   <div class='ocr_carea' id='block_1_3' title="bbox 0 0 1502 5010">
    <p class='ocr_par' dir='ltr' id='par_1_5' title="bbox 0 0 1502 5010">
     <span class='ocr_line' id='line_1_36' title="bbox 0 0 1502 5010; baseline 0 0"><span class='ocrx_word' id='word_1_237' title='bbox 0 0 1502 5010; x_wconf 95' lang='lat' dir='ltr'> </span> 
     </span>
    </p>
   </div>
  </div>
 </body>
</html>
