2956 5018
453 379 528 460 478
858 401 911 454 nn
936 403 1085 455 nuans

257 587 422 632 ιιιιιιιιι,
451 574 491 637 et
506 562 720 640 altitudines
738 567 1024 665 reciprocantur.
1069 568 1192 643 Quare
1212 568 1294 663 (per
1311 591 1423 665 prop.
1436 577 1478 641 31

274 659 409 692 ..Ὗ-α

451 677 567 750 Elem.
584 678 638 772 xi)
659 680 729 754 erit
747 681 865 754 cubus
882 683 993 755 aDM
1014 683 1145 773 (cubus
1158 694 1280 754 autern
1298 691 1354 752 est
1376 707 1425 777 pa
1457 716 1463 748 ι

449 788 701 886 leiipipcdnm)
735 793 885 888 aeqnalis
913 793 1224 891 parallelipipedo,
1254 794 1359 889 cujus
1396 795 1468 868 bas

449 913 507 977 est
539 904 686 1000 aeqnalis
719 906 899 1003 quadrato
930 907 1046 997 DEkl,
1080 906 1238 980 altitudo
1272 907 1427 1003 aequalis

448 1016 524 1090 sive
541 1017 623 1091 AD.

498 1131 572 1205 Sed
589 1132 806 1229 quadratum
824 1132 933 1206 DElel
957 1133 1096 1230 aequale
1114 1142 1171 1208 est
1187 1132 1407 1228 rectangulo
1425 1155 1476 1207 sn

446 1244 528 1334 ΑΙ),
544 1246 623 1335 DV,
640 1245 680 1319 id
697 1258 766 1336 est,
786 1247 1003 1344 rectangnio
1022 1247 1122 1320 MR:
1149 1244 1478 1342 parallelipipedn

446 1371 570 1433 autern
587 1361 654 1434 sub
673 1362 887 1458 rectangnlo
905 1362 984 1434 MR
1001 1359 1152 1434 ductum
1170 1361 1209 1432 iu
1223 1359 1292 1433 OR
1309 1359 1478 1455 aequale

445 1473 527 1561 AD,
545 1485 602 1547 est
629 1473 821 1547 dimidium
844 1474 929 1547 cubi
960 1472 1073 1547 totius
1091 1498 1113 1545 a
1129 1473 1244 1545 latere
1262 1470 1345 1557 AD,
1364 1473 1405 1545 id
1423 1496 1469 1546 es

444 1586 582 1683 aquare
610 1598 770 1683 quatuor
794 1587 897 1659 cubis
919 1609 942 1660 a
964 1586 1079 1660 latere
1096 1585 1175 1658 DV.
1229 1585 1357 1681 Itaque
1387 1608 1456 1658 rec

444 1699 522 1775 ΒΜ
550 1712 607 1774 est
635 1698 838 1773 mediarum
865 1699 1020 1771 duarum
1042 1697 1140 1771 inter
1163 1696 1244 1786 AD,
1268 1696 1335 1769 DV
1358 1699 1478 1793 majo

444 1829 515 1889 etc.
571 1815 681 1891 Quod
699 1825 779 1888 erat
795 1813 1135 1888 demonstrandum.

494 1928 696 2004 Ostendam
720 1929 797 2024 jam
828 1940 966 2002 rectam
992 1928 1059 2001 DO
1086 1927 1274 2000 semissem
1299 1949 1381 1999 esse
1407 1939 1472 2001 ta·

443 2043 567 2138 gentis
597 2049 645 2116 30
662 2040 855 2137 graduum.
909 2041 1018 2114 Secet
1042 2040 1110 2113 RO
1138 2052 1279 2112 rectam
1303 2038 1360 2111 nt
1382 2041 1422 2113 in
1446 2067 1476 2137 p

443 2156 587 2251 eritque
604 2154 663 2252 Oy
676 2153 777 2227 sinus
789 2163 837 2226 45
856 2153 1048 2249 graduum.
1093 2153 1220 2249 ltaque
1237 2162 1395 2249 utraque
1413 2179 1478 2227 re·

443 2280 565 2342 tarum
583 2268 656 2364 Ap,
672 2266 731 2340 Dlt
747 2266 899 2361 aequalis
916 2268 987 2340 erit
1004 2265 1085 2354 AB,
1103 2265 1275 2338 videlicet
1300 2266 1412 2339 lateri
1436 2279 1474 2341 t·

443 2382 516 2455 tius
550 2381 720 2478 quadrati
750 2378 899 2455 ABCD.
956 2379 1123 2453 Circulus
1158 2403 1246 2475 ergo
1280 2378 1451 2477 descript

443 2495 548 2568 radio
567 2492 632 2568 Dc
651 2493 822 2568 transibit
838 2516 906 2589 per
922 2493 956 2583 t,
975 2506 1013 2567 et
1030 2492 1188 2566 circulus
1208 2492 1414 2588 descriptus
1434 2520 1471 2568 r:

444 2609 506 2684 dio
526 2608 593 2683 AB
612 2609 785 2682 transibit
801 2633 867 2705 per
884 2634 919 2705 p.

495 2722 531 2795 A
560 2735 699 2817 puncto
729 2748 753 2817 p
784 2723 946 2817 erigatur
975 2733 1077 2793 recta
1102 2746 1148 2817 pa
1175 2718 1476 2816 perpendicular'

443 2834 513 2931 ipsi
531 2833 603 2930 Ap,
622 2857 749 2906 secans
767 2832 829 2906 Bc
847 2834 886 2907 in
903 2874 933 2922 a,
952 2832 1250 2929 producaturquc
1265 2858 1309 2928 ars
1326 2830 1375 2904 ad
1393 2833 1477 2908 latu

446 2945 510 3021 01)
529 2947 568 3019 in
585 2973 616 3019 a.
667 2946 749 3018 Erit
772 2970 860 3041 ergo
888 2946 1112 3042 triangulum
1136 2946 1205 3023 cuz
1228 2946 1474 3041 aequicrurus·

443 3072 483 3133 et
498 3060 624 3156 anguli
642 3060 721 3156 ejus
740 3059 788 3133 ad
805 3098 823 3130 a
842 3071 879 3133 et
897 3084 916 3131 a
934 3059 1129 3132 semirecti.
1182 3058 1413 3132 Producatur

443 3183 485 3246 nt
503 3185 603 3245 secet
620 3195 746 3245 arcum
764 3171 819 3244 Cle
833 3171 871 3245 in
888 3180 922 3260 β,
936 3171 1079 3268 eritque
1096 3171 1252 3266 angulus
1271 3164 1358 3243 DCt3
1376 3174 1470 3245 terti

443 3309 529 3383 pars
553 3284 657 3358 recti.
711 3285 835 3359 Quare
863 3283 1044 3380 producta
1062 3285 1117 3368 Da
1134 3284 1245 3356 faciet
1268 3307 1352 3355 cnm
1370 3282 1474 3358 later

444 3397 506 3473 CB
525 3399 700 3495 angulum
719 3399 897 3493 aequalem
916 3397 1056 3471 duabus
1076 3397 1194 3470 tertiis
1213 3396 1315 3469 recti

495 3512 680 3587 Quoniam
708 3525 832 3584 autem
857 3512 1011 3606 angulus
1038 3510 1116 3606 Rya
1134 3521 1189 3582 est
1206 3509 1478 3597 semireetus„
1464 3541 1472 3553 ·

444 3625 599 3722 angulus
619 3623 707 3708 GDA
724 3625 835 3697 tertia
857 3648 941 3721 pars
967 3623 1071 3713 recti,
1099 3623 1210 3696 saciet
1228 3622 1285 3707 Do
1303 3623 1470 3718 prodnct

444 3763 529 3812 cum
543 3764 593 3835 pa
610 3739 786 3836 anguium
803 3737 929 3833 anguli
945 3737 1038 3810 recti
1056 3747 1198 3833 partem
1216 3749 1369 3808 sextam
1415 3736 1468 3810 Se

444 3854 600 3948 angulus
618 3854 711 3950 Ray,
730 3852 792 3949 qui
823 3851 934 3925 etiam
960 3862 1017 3922 est
1047 3849 1273 3932 semirectuS,
1298 3871 1373 3920 una
1403 3873 1455 3922 cn

445 3977 550 4039 sexta
572 3978 678 4063 parte
705 3965 796 4038 recti
820 3964 931 4038 saciet
949 3962 1039 4035 duas
1056 3963 1185 4034 tertias
1203 3960 1308 4034 recti.
1361 3961 1474 4035 Qnar

441 4081 647 4174 juncta¹0r³
673 4091 712 4153 et
741 4075 922 4175 producta
951 4075 1090 4148 incidet
1118 4075 1157 4148 in
1189 4073 1235 4146 D.
1296 4075 1362 4146 Est
1397 4098 1471 4172 erg

447 4191 501 4263 Ca
517 4202 673 4288 tangens
690 4191 815 4288 anguli
834 4197 881 4264 30
898 4189 1091 4286 graduum,
1107 4199 1144 4262 et
1161 4187 1246 4262 huic
1261 4186 1457 4282 aeqnalisC
