2946 5010
447 455 501 507 nu
521 455 693 508 narona
711 455 848 509 nume.
1092 443 1166 511 283

123 620 221 695 enim
238 619 321 710 fuit,
335 621 434 716 quod
452 622 482 696 si
500 622 553 695 ita
569 635 677 711 esset,
691 634 832 696 vestem
850 647 997 697 omnem
1014 625 1168 721 pilosam

122 747 293 831 oportere
311 757 390 807 esse
407 735 563 832 nigram.
615 736 664 809 Et
680 735 780 809 visus
798 747 855 809 est
877 736 1043 833 plurimis
1065 750 1168 815 recte

123 847 364 943 respondisse.

173 960 222 1033 Α.
250 959 363 1049 Quid,
381 959 521 1057 pilosne
550 960 632 1034 illos
657 971 881 1058 putaverunt
909 986 988 1037 esse
1014 987 1170 1062 corpora

123 1073 214 1147 adeo
246 1073 391 1169 exigna,
420 1085 462 1146 ut
489 1073 605 1147 videri
633 1097 707 1147 non
735 1075 911 1171 possent?
975 1076 1170 1172 Conjicere

123 1186 209 1260 binc
240 1186 328 1260 licet
358 1211 468 1283 quam
495 1198 581 1260 sunt
606 1187 659 1260 illi
684 1189 772 1261 boni
799 1189 1104 1264 ratiocinatores:
1131 1202 1170 1266 et

123 1324 206 1396 quae
228 1299 277 1374 sit
299 1300 346 1373 ab
370 1301 440 1373 illis
466 1300 696 1397 expectanda
723 1301 954 1399 philosophia
979 1303 1168 1379 naturalis.

123 1414 292 1487 Fortasse
322 1414 525 1510 nigredinis
550 1438 696 1487 causam
723 1414 822 1487 illam
847 1439 914 1512 pro
931 1439 1019 1489 vera
1036 1416 1170 1493 admit-

122 1536 200 1599 tere
217 1551 294 1600 non
306 1527 468 1616 voluere,
480 1527 566 1623 quia
583 1527 712 1601 eadem
730 1527 767 1600 in
785 1527 879 1601 libro
893 1551 947 1600 un
961 1550 1167 1622 conpone,

123 1665 203 1737 cap.
221 1640 334 1729 xxvii,
352 1652 421 1713 art.
442 1641 583 1728 ultimo,
602 1641 648 1713 ab
668 1640 815 1713 Hobbio
840 1642 958 1737 primo
984 1642 1171 1739 assignata

122 1766 189 1828 est.
242 1752 363 1827 Quam
382 1766 505 1827 autem
534 1753 689 1827 duritiei
714 1777 861 1827 oausam
880 1755 1105 1850 assignatam
1120 1757 1167 1830 ab

122 1866 193 1940 illis
210 1865 386 1941 audiisti?

174 1979 223 2052 B.
250 1979 307 2052 Ab
321 1980 502 2076 aliquibus
516 1991 614 2053 tres:
634 1981 801 2076 primam,
813 1979 974 2077 partium
984 1981 1169 2077 magnitu-

123 2090 267 2165 dinem:
294 2092 504 2181 secundam,
517 2093 616 2189 quod
633 2094 794 2190 partium
812 2093 1022 2190 superficies
1040 2105 1168 2169 mutuo

123 2228 162 2277 se
191 2216 370 2301 tangant:
397 2206 557 2294 tertiam,
587 2207 747 2302 partium
778 2207 988 2279 intricatam
1016 2208 1168 2304 positio-

122 2342 219 2391 nem.
273 2318 437 2392 Quarum
466 2318 600 2391 sufficit
631 2318 679 2391 ad
709 2342 905 2415 corporum
936 2318 1167 2415 quorundam

123 2430 392 2503 indurationem
408 2429 669 2526 unaquaelibet.

173 2542 222 2615 A.
252 2543 352 2617 Quin
387 2541 604 2637 corpuscula
641 2542 779 2638 (qualia
813 2555 899 2617 sunt
933 2543 1046 2616 atomi
1077 2567 1168 2639 quas

123 2656 296 2751 supponit
313 2656 519 2743 Lucretius,
532 2667 641 2752 atque
655 2656 767 2729 etiam
782 2656 967 2751 Hobbius)
984 2658 1062 2751 jam
1079 2668 1168 2732 ante

123 2769 227 2857 dura,
244 2768 351 2842 facile
378 2769 519 2865 possint
544 2770 590 2843 ab
614 2769 738 2866 aliqua
766 2770 948 2844 dictarum
976 2792 1168 2844 causarum

123 2882 319 2979 compingi,
337 2883 391 2955 ita
408 2894 450 2956 ut
469 2895 589 2957 totum
613 2908 658 2957 ex
682 2883 753 2957 illis
779 2884 918 2957 factum
938 2883 1072 2958 durum
1089 2885 1167 2974 fiat,

123 2995 366 3068 dubitandum
377 3019 451 3067 non
463 3006 529 3068 est.
568 2995 641 3068 Sed
655 2996 717 3090 qui
730 2995 885 3069 duritiei
896 3020 1041 3069 causam
1054 2996 1168 3093 assig-

123 3132 211 3182 nare
224 3109 362 3196 volunt,
376 3107 511 3181 debent
528 3108 581 3180 illi
600 3132 747 3181 causam
761 3108 923 3182 indicare
937 3108 1023 3181 dari
1032 3109 1166 3207 primi.

174 3220 222 3293 B.
249 3220 307 3293 Ita
334 3220 491 3293 videtur.
544 3220 706 3294 Quidam
736 3220 834 3292 enim
861 3244 881 3292 e
906 3220 1054 3307 nostris,
1082 3244 1167 3294 oum

122 3333 343 3429 redarguere
369 3332 451 3405 illos
477 3332 614 3406 vellent
641 3333 704 3428 qui
734 3332 894 3428 partium
921 3333 1166 3406 cohaesionem

122 3446 255 3541 glutini
289 3446 434 3519 cuidam
475 3444 698 3535 tribuebant,
734 3445 1055 3541 interrogaverunt
1089 3468 1165 3534 eos,

126 3560 180 3652 (et
210 3570 309 3632 recte
339 3558 486 3654 quidem
512 3571 554 3630 ut
579 3557 686 3631 nobis
711 3558 831 3631 visum
865 3559 952 3652 est),
979 3559 1165 3653 quodnam

123 3685 219 3745 esset
235 3672 387 3768 glutinis
405 3670 501 3743 illius
518 3670 618 3743 aliud
635 3671 773 3766 gluten.

174 3785 222 3858 Α.
249 3784 388 3857 Eodem
411 3784 494 3877 jure
519 3794 628 3856 utens
654 3782 752 3855 circa
769 3783 925 3879 primam
943 3796 981 3857 et
998 3783 1166 3857 ultimam

123 3897 305 3971 dictarum
335 3920 539 3984 causarum,
556 3894 725 3969 similiter
749 3919 874 3992 quaero
903 3920 985 3993 ego,
1002 3895 1091 3992 qnid
1116 3897 1165 3970 sit

123 4011 161 4083 in
178 4010 367 4107 particulis
386 4010 485 4082 duris
503 4009 616 4082 totius
634 4008 716 4081 duri
735 4007 834 4103 quod
852 4009 964 4082 efficit
978 4010 1162 4083 duritiem.

123 4124 220 4197 Nam
247 4136 516 4220 argumentum,
542 4147 614 4219 quo
639 4146 704 4195 vos
727 4121 785 4194 usi
811 4122 899 4196 estis
929 4136 1059 4196 contra
1082 4123 1164 4198 illos

123 4238 186 4332 qui
203 4250 476 4334 supposuerunt
492 4236 620 4333 gluten
638 4235 739 4327 illud,
759 4260 862 4332 aeque
887 4235 1019 4311 militat
1036 4248 1166 4313 contra

123 4375 187 4425 vos
206 4373 314 4447 ipsos.
