2946 5010
399 403 904 473 coaorrosraanm,urc.
1021 463 1026 475 ,
1098 392 1166 458 521

128 571 227 669 quod
244 595 380 645 nomen
399 595 521 645 meum
543 583 802 668 magnumst,
821 571 921 669 quod
941 572 979 644 in
1003 571 1075 645 illis
1096 597 1171 646 non
1264 603 1306 643 m

129 696 197 757 est.
249 686 390 782 Itaque,
405 684 656 780 judicantibus
669 686 756 758 viris
772 685 897 759 liberis
910 685 1170 782 prudentibus·
1184 684 1382 806 Ρξζξξέἒζζῐθ

128 822 210 895 que,
228 798 366 872 victum
393 823 431 872 se
458 822 536 872 esse
563 801 771 871 confitetur.
823 798 897 872 Sed
922 797 1020 871 unde
1037 799 1172 872 accidit
1209 790 1367 869 -f-a'

127 924 170 983 ut
188 910 388 1002 Professor,
402 912 465 1009 qui
479 935 612 984 nomeu
631 935 753 984 meum
771 935 945 1008 magnum
960 935 1038 985 esse
1052 923 1170 1008 putat,
1224 972 1226 977 ,

129 1048 235 1099 suum
253 1049 425 1099 essenon
442 1038 561 1122 putat,
581 1050 664 1099 oum
689 1027 800 1100 toties
827 1051 885 1099 me
902 1026 1169 1123 prostraverit?

129 1139 426 1237 Conquereretur
443 1139 540 1213 forte
556 1140 600 1212 de
614 1140 824 1235 ignorantia
837 1140 1094 1235 judicantium.
1121 1142 1172 1213 At

127 1276 193 1325 cur
203 1277 278 1326 oon
290 1277 466 1348 magnum
478 1277 612 1326 nomen
624 1253 737 1325 habet
748 1253 809 1327 ille
824 1253 923 1349 apud
934 1254 1170 1349 algebristas?

127 1366 225 1441 Quia
241 1367 465 1463 impossibile
483 1379 574 1438 erat.
612 1366 706 1439 Sunt
720 1366 816 1438 euim
837 1390 964 1439 omnes
981 1366 1058 1439 fere
1075 1367 1171 1439 inter

126 1504 164 1553 se
182 1482 352 1576 aequales.
405 1481 497 1568 lmo,
516 1492 602 1552 sunt
619 1481 718 1552 inter
736 1479 816 1551 illos
833 1478 947 1575 aliqui
965 1482 1028 1575 qui
1046 1480 1170 1553 celeri·

127 1603 203 1665 tate
222 1593 360 1688 ingenii
379 1592 629 1665 Professorem
656 1593 765 1688 longe
787 1604 973 1688 superant,
992 1603 1030 1664 et
1054 1593 1169 1666 multo

125 1704 249 1800 plures
265 1705 441 1778 veritates
458 1705 496 1777 in
514 1706 644 1778 eodem
670 1716 837 1802 tempore
863 1728 973 1801 quam
997 1704 1058 1777 ille
1083 1729 1170 1778 con·

125 1818 245 1890 futare
265 1830 432 1915 possunt.

177 1932 372 2006 Quomodo
391 1945 514 2005 autem
540 1930 786 2005 necessarium
805 1940 895 2018 erat,
913 1930 951 2002 in
967 1930 1170 2027 quaestione

125 2047 399 2135 mathematica,
418 2046 616 2120 admonere
629 2067 849 2142 quemquam
868 2043 989 2140 qualis
992 2044 1169 2141 fuerim?

125 2160 257 2233 Dicere
275 2160 392 2256 qualis
409 2160 554 2247 fuerim,
573 2183 647 2231 non
665 2171 722 2231 est
739 2180 873 2228 meum.
927 2157 1001 2231 Qui
1018 2180 1170 2229 conver·

125 2274 265 2346 satione
284 2297 366 2346 mea
394 2273 450 2345 usi
475 2286 561 2346 sunt
582 2272 806 2367 frequenter,
824 2268 877 2342 illi
901 2269 1038 2342 dicant.
1089 2270 1169 2365 Ego

125 2385 432 2476 dicam'tantum‚
464 2384 581 2483 qualis
611 2408 685 2456 non
716 2383 862 2456 fuerim.
916 2382 1059 2454 Bellum
1089 2394 1170 2456 erat

125 2500 251 2573 civile:
271 2523 340 2596 ego
358 2500 396 2572 in
414 2499 581 2595 partibus
600 2510 730 2571 contra
747 2521 872 2593 regem
898 2519 1085 2591 nunquam
1103 2496 1169 2570 fui.

124 2616 203 2711 Ego
222 2615 460 2710 epistolarum
477 2637 597 2709 neque
611 2613 721 2707 regis,
733 2634 852 2707 neque
871 2612 1084 2706 cujusquam
1106 2610 1170 2706 qui
1250 2646 1255 2656 ·

123 2751 243 2825 arege
261 2728 374 2815 stetit,
387 2751 522 2801 arcana
540 2726 667 2823 aperui
678 2737 743 2799 aut
756 2724 912 2798 inimicis
927 2724 1085 2821 prodidi.
1126 2724 1169 2796 In

123 2842 205 2939 lege
223 2841 426 2914 Amnestiae
452 2865 535 2937 quae
563 2851 719 2936 sequuta
744 2850 812 2925 est,
840 2838 1018 2935 flagitium
1045 2861 1167 2910 meum

123 2956 265 3027 nullum
286 2954 511 3027 nominatur.
563 2954 643 3049 Ego
664 2952 767 3026 illum
785 2976 859 3025 non
877 2950 1059 3024 lacessivi:
1087 2963 1169 3023 tan·

124 3065 314 3138 tummodo
346 3064 532 3160 respondi,
563 3064 617 3137 ita
645 3076 688 3137 ut
722 3075 1042 3149 commoveretur;
1069 3060 1169 3157 quod

124 3177 307 3272 flagitium
320 3200 394 3249 non
409 3190 476 3249 est.
505 3176 750 3272 Conqueritur
764 3176 860 3247 sicut
877 3198 980 3270 puer,
994 3174 1168 3270 quianon

123 3289 254 3361 vincit:
284 3312 368 3360 cum
393 3301 518 3360 tamen
547 3288 740 3382 suiipsius
764 3288 873 3382 culpa
896 3286 956 3375 sit,
975 3285 1074 3382 quod
1092 3310 1167 3360 non

123 3401 292 3474 videatur
327 3400 452 3474 multis
487 3424 566 3473 esse
603 3400 746 3473 doctus.
811 3399 991 3472 Ausculta
1028 3401 1166 3496 paucis,

123 3516 156 3588 Ο
171 3514 360 3588 Professor
374 3514 616 3588 Academico!
658 3514 697 3586 Si
717 3513 772 3586 vis
790 3537 867 3586 esse
886 3512 1035 3609 aliquid,
1049 3515 1107 3586 lac
1125 3528 1167 3588 ut

123 3652 205 3724 quae
233 3627 361 3700 scribis
390 3652 413 3700 a
441 3627 717 3723 quamplurimis
749 3626 1014 3722 intelligantur.
1069 3627 1166 3701 Cave

124 3766 211 3837 ergo
223 3766 245 3814 a
257 3740 597 3837 Symbolographia,
610 3739 680 3812 nisi
694 3738 820 3836 siqua*
835 3741 1004 3812 omnibus
1016 3741 1167 3835 cognita

122 3853 245 3927 fuerit.
290 3853 400 3927 Utilis
414 3853 567 3926 fortasse
583 3876 661 3925 esse
674 3864 797 3948 potest
812 3853 879 3925 tibi
894 3852 962 3949 ipsi
976 3853 1013 3925 in
1028 3876 1165 3928 mnsaeo

124 3982 210 4039 tuo:
237 3967 358 4040 sedin
376 3968 526 4064 populo,
546 3979 584 4038 et
601 3978 707 4038 extra
724 3979 861 4038 sectam
887 3977 989 4038 tuam
1013 3965 1164 4057 (sectam

123 4079 205 4153 dieo
240 4080 551 4173 mathematicam)
585 4079 844 4152 incantationis
878 4093 916 4151 et
951 4080 1164 4175 imposturae

503 4334 518 4365 *
540 4332 588 4390 Sic
603 4333 672 4390 odit.
692 4335 775 4390 1669.

222 4448 313 4498 l'OL.
331 4448 385 4498 lv.
