2946 5010
296 412 370 481 ata
571 426 1064 481 naonanuururnrsrcu.

111 615 181 660 cu.
195 616 250 660 vn.
294 588 478 665 ferentia?
529 591 631 667 Num
647 592 782 668 virium
795 616 943 667 suarum
958 605 1105 668 tantum
1119 593 1275 691 perdere
1299 594 1339 670 in

79 688 252 807 ῃᾞ
294 703 441 781 tantillo
457 705 577 802 spatio
593 717 732 805 potest,
749 717 927 805 quantum
944 720 1002 782 est
1018 706 1114 782 EG?

77 810 226 873 W
239 816 284 861 ⁸⁸²
342 815 392 892 B.
417 817 585 894 Minime.
637 819 894 917 Supponemus
910 820 1010 894 enim
1034 820 1172 894 nullam
1189 821 1341 895 omnino

292 929 413 1029 perire
439 942 584 1029 partem
607 932 828 1008 velocitatis.
880 933 955 1008 Sed
984 957 1096 1008 causa
1122 933 1341 1010 differentiae

291 1056 361 1133 cst,
376 1044 487 1144 quod,
497 1046 694 1121 velocitate
703 1046 895 1143 utriusque
908 1047 993 1144 pilae
1002 1048 1183 1122 existente
1193 1048 1339 1145 equali,

290 1158 409 1235 altera
423 1159 473 1234 ad
487 1159 669 1259 parietem
695 1160 804 1235 citius
825 1183 938 1259 quam
954 1160 1071 1235 altera
1086 1161 1282 1258 perfertur,
1299 1161 1341 1235 in

291 1294 338 1345 ea
368 1282 579 1371 temporum
611 1273 757 1348 ratione
790 1296 901 1371 quam
933 1272 1048 1348 habet
1080 1275 1151 1349 EG
1179 1274 1229 1348 ad
1260 1276 1338 1349 EF.

293 1386 516 1484 Quanquam
532 1386 631 1462 enim
647 1386 840 1484 utriusque
862 1386 948 1484 pilae
965 1387 1208 1462 consideratae
1231 1388 1341 1462 abso·

290 1498 370 1573 luta
384 1498 561 1599 velocitas
577 1498 704 1573 eadem
723 1499 783 1589 sit,
798 1499 1031 1575 considerata
1043 1512 1167 1575 tamen
1185 1501 1224 1574 in
1241 1501 1338 1598 ipso-

290 1632 375 1685 rum
390 1634 541 1685 accessu
557 1611 607 1686 ad
620 1610 801 1709 parietem
817 1612 936 1708 major
947 1624 1006 1687 est
1021 1611 1085 1689 illa
1100 1614 1139 1688 in
1149 1614 1216 1688 EF
1228 1636 1338 1711 quam

290 1722 330 1797 in
347 1724 429 1814 EG,
445 1723 486 1798 in
503 1724 646 1799 ratione
662 1724 825 1823 ipsarum
841 1725 921 1815 EF,
938 1725 1020 1799 EG.

339 1835 391 1910 A.
418 1836 578 1913 Quando
594 1838 671 1935 pila
681 1860 757 1913 non
769 1850 941 1936 penetrat
951 1839 1145 1936 parietem,
1158 1839 1224 1913 sed
1233 1839 1281 1913 ab
1292 1864 1337 1913 eo

291 1954 553 2053 repercutitur,
569 1954 776 2052 angulusne
793 1954 894 2029 idem
916 1955 960 2029 fit
979 1978 1065 2028 cum
1084 1954 1226 2052 pariete
1248 1955 1337 2029 dum

290 2066 551 2166 repercutitur,
575 2067 638 2165 qui
665 2077 747 2142 erat
766 2090 851 2141 cum
873 2064 1074 2142 incideret:
1101 2078 1143 2140 ut
1171 2067 1252 2141 fieri
1276 2068 1336 2142 de·

46 2210 49 2217 ·
181 2262 191 2282 ,
290 2204 465 2279 prensum
482 2181 596 2255 estin
613 2180 727 2256 radiis
744 2179 949 2256 solaribus?

340 2294 390 2369 B.
418 2294 458 2369 Si
474 2294 631 2392 angulos
646 2295 916 2371 mensuraveris
931 2316 1048 2391 prope
1064 2292 1256 2390 parietem,
1268 2294 1335 2367 dif-

289 2406 448 2483 ferentia
470 2407 653 2482 sensibilis
675 2432 753 2482 non
776 2408 858 2498 erit,
881 2431 966 2504 quae
989 2407 1126 2503 alioqui
1150 2406 1220 2480 erit
1246 2408 1334 2482 satis

290 2544 435 2619 magna.
488 2521 616 2594 Motus
640 2520 738 2594 enim
761 2520 846 2617 pilae
869 2531 1046 2617 perpetuo
1069 2542 1093 2591 a
1116 2521 1333 2616 repercussi·

290 2657 362 2708 nne
379 2633 609 2729 languescit:
637 2633 736 2730 quod
752 2657 828 2707 non
847 2633 891 2707 fit
916 2634 954 2706 in
975 2632 1190 2706 reflectione
1215 2633 1332 2706 radio-

290 2770 372 2821 rum
389 2747 574 2820 solarium.

340 2860 390 2933 A.
419 2860 599 2934 Quaenam
616 2869 673 2932 est
690 2882 801 2932 causa
826 2857 1138 2956 repercussionis?
1190 2858 1331 2954 Corpus

289 2973 389 3046 enim
421 2973 520 3069 quod
548 2970 749 3069 procedere
779 2996 855 3045 non
888 2982 1024 3067 potest,
1055 2984 1196 3044 motum
1226 2996 1332 3045 suum

289 3086 460 3184 perdidit.
514 3086 622 3160 Unde
640 3109 730 3183 ergo
746 3087 910 3160 nascitur
927 3098 1050 3159 motus
1066 3084 1128 3159 ille
1145 3109 1330 3181 repercus-

289 3200 426 3274 sionis?

338 3316 388 3388 B.
415 3314 542 3388 Motus
572 3313 872 3411 repercussionis
901 3313 998 3386 sicut
1028 3324 1067 3386 et
1097 3312 1330 3402 reflectioniS,

289 3428 406 3502 oritur
436 3452 459 3501 a
484 3428 636 3525 parietis
665 3428 883 3501 resistentia.
947 3426 1049 3499 Inter
1079 3426 1330 3500 reflectionem

288 3541 436 3614 luminis
465 3552 503 3614 et
533 3540 617 3638 pilae
648 3539 916 3614 consideranda
946 3539 1154 3612 differentia
1181 3551 1249 3629 est,
1276 3562 1330 3611 re·

289 3654 473 3751 spondens
501 3654 660 3727 motibus
683 3653 937 3727 differentibus
959 3653 1159 3747 pressioris
1186 3664 1223 3725 et
1250 3676 1330 3747 per·

289 3768 478 3842 cassionis.
529 3767 640 3840 Actio
661 3768 760 3840 enim
785 3791 858 3863 qua
885 3766 1087 3839 reflectitur
1112 3765 1249 3854 lumen,
1274 3775 1331 3836 est

288 3882 429 3977 pressio
440 3880 547 3971 aeris,
561 3881 637 3954 sive
649 3881 900 3976 cujuscunque
913 3879 1025 3953 medii
1040 3878 1226 3973 diaphani,
1244 3902 1330 3950 con-

287 4009 347 4069 tra
374 4018 506 4091 corpus
532 3995 631 4068 unde
660 3994 886 4077 reflectitur;
913 4017 1024 4089 quam
1051 3992 1162 4065 efficit
1183 3990 1249 4078 sol,
1271 3992 1330 4063 vel

287 4109 389 4182 aliud
405 4133 538 4205 corpus
562 4108 689 4181 lucens
706 4108 764 4180 vel
790 4108 1059 4190 illuminatum
1087 4130 1155 4178 nec
1173 4105 1245 4177 alia
1271 4129 1330 4177 res

288 4234 346 4294 est
362 4234 497 4318 praeter
515 4234 687 4295 conatum
706 4221 932 4294 contrarium
950 4221 988 4293 in
1006 4221 1230 4293 reflectente.
1276 4218 1329 4290 Ut

288 4334 435 4431 quando
453 4335 523 4409 viri
547 4334 620 4408 duo
637 4336 849 4432 pectoribus
866 4346 1074 4432 premerent
1097 4334 1189 4407 duos
1207 4332 1328 4406 baculi
