2946 5010
299 388 369 458 160
514 405 784 463 exnurunrro
804 410 857 464 ur
875 412 1126 466 nununarro

108 590 257 634 onroous
296 594 370 660 sus,
383 571 616 669 Meybomius
630 576 868 672 reprehendit
895 577 1147 653 definitionem
1174 580 1339 655 Euclidis

109 671 254 777 „IL
295 684 435 775 (Elem.
453 687 501 759 vi.
521 688 560 781 5)
573 701 617 760 ut
629 688 787 775 falsam
812 714 888 764 non
899 703 1024 765 reete:
1050 703 1197 790 poterat
1213 706 1337 767 tamen

293 809 430 872 utnon
448 799 700 876 definitionem
715 834 725 887 ;
752 827 839 877 nam
856 815 981 901 potest
994 806 1249 881 demonstrari.

344 913 395 986 B.
420 914 470 986 Et
484 913 753 989 demonstravit
772 916 952 991 Hobbius.

342 1022 390 1101 A.
416 1026 550 1101 Vidisti
560 1029 638 1124 jam
654 1053 765 1125 quam
793 1042 880 1103 sunt
907 1043 1051 1105 naturae
1074 1032 1272 1122 rationum,
1291 1032 1338 1104 de

293 1162 366 1235 qua
382 1139 541 1236 litigant,
560 1142 669 1215 ambo
687 1142 818 1239 ignari.

344 1251 394 1326 B.
421 1253 576 1351 Reliqua
605 1278 767 1351 ergone
796 1256 994 1331 examines.
1057 1257 1179 1331 Attuli
1213 1267 1337 1330 autem

291 1389 436 1441 mecum
450 1367 607 1440 alterum
624 1367 727 1442 illum
739 1369 873 1443 librum
886 1371 976 1466 ejus,
994 1370 1056 1443 De
1074 1369 1229 1468 Arguto
1242 1369 1336 1443 Con-

291 1487 425 1569 tuetur,
444 1480 506 1553 De
527 1480 762 1555 sectionibus
783 1481 943 1585 Canio-ir,
955 1495 992 1556 et
1009 1482 1072 1555 De
1089 1481 1337 1556 Arithmetico

291 1591 565 1686 Iqfinitorumi
579 1607 622 1668 ut
650 1618 735 1668 cum
762 1595 973 1692 perlegeris,
996 1597 1223 1669 excutiamus
1240 1595 1336 1669 sicut

290 1704 401 1780 huno.

341 1819 390 1894 Α.
417 1819 526 1894 Libet
535 1831 875 1917 antem,antequam
887 1820 1066 1906 discedas,
1074 1821 1199 1894 videre
1209 1831 1334 1894 utrum

289 1943 390 2007 recte
406 1933 686 2029 reprehenderit
719 1934 970 2008 Mersennnm.
1033 1934 1265 2024 Mersennus,
1296 1936 1335 2008 iu

290 2045 472 2143 Cogitatis
489 2047 950 2144 Physico-Mathematicis,
976 2026 1192 2145 Proportio,
1204 2049 1335 2145 inquit,

288 2159 527 2257 equalitatis,
541 2160 653 2234 nihili
664 2160 944 2234 similitudinem
961 2161 1096 2259 refert.
1131 2160 1335 2259 Propertio

288 2273 446 2369 majoris
489 2272 761 2370 irroequaiitatia
795 2273 986 2347 attollitur
1015 2296 1134 2373 supra
1167 2273 1333 2347 nihilum.

290 2385 493 2484 Propertio
511 2385 666 2458 minoris
682 2385 954 2482 inoequutitutir
981 2386 1204 2484 deprimitur
1231 2387 1335 2484 irffra

287 2498 451 2571 nihilum.
506 2498 649 2570 Contra
666 2499 757 2586 haec,
776 2522 820 2570 ea
836 2522 919 2595 quae
930 2498 1234 2573 affertWallisius
1245 2523 1333 2572 con-

286 2613 452 2685 tinentur
470 2612 594 2685 omnia
607 2611 663 2684 his
676 2613 821 2685 verbis:
851 2613 925 2697 Qui
947 2611 1119 2710 simplum
1136 2612 1241 2700 dicit,
1257 2637 1329 2685 aon

285 2723 352 2796 ille
379 2748 456 2796 rem
485 2723 619 2796 nullior
647 2724 789 2822 opponi
820 2725 1010 2823 iutelligit,
1028 2725 1100 2798 aed
1121 2724 1235 2796 remei
1247 2752 1261 2807 ;
1288 2735 1327 2797 et

284 2838 351 2934 qui
364 2835 583 2934 subduplum
592 2837 685 2934 porri
699 2837 806 2927 dicit,
819 2861 890 2909 uorr
904 2837 1053 2935 aliquid
1060 2837 1209 2934 artferri
1223 2837 1330 2928 dicit,

284 2951 357 3024 aed
369 2949 503 3022 saltem
520 2949 707 3022 semissem
717 2950 824 3048 porri.
861 2950 955 3025 Quae
974 2950 1063 3023 satis
1080 2950 1161 3023 illos
1179 2951 1329 3046 quidem

284 3064 561 3160 redarguerent,
575 3064 638 3159 qui
655 3064 838 3161 simplum,
856 3064 914 3137 vel
930 3065 1129 3150 semissem,
1142 3064 1201 3137 vel
1215 3066 1330 3137 trien-

284 3189 360 3252 tem
390 3180 482 3251 nihil
516 3201 595 3251 esse
624 3178 800 3268 dicerent,
829 3178 888 3250 vel
922 3178 1167 3274 quantitatem
1194 3178 1329 3251 habere

284 3293 446 3378 uullam;
473 3292 538 3365 sed
565 3303 695 3365 contra
717 3292 970 3378 Mersenuum,
988 3291 1050 3387 qui
1073 3291 1166 3364 nihil
1197 3292 1330 3365 horum

283 3408 384 3492 dicit,
402 3407 468 3480 sed
493 3406 692 3492 semissem,
710 3406 894 3494 trientem,
913 3415 996 3490 ete,
1018 3403 1156 3499 aliquid
1184 3428 1263 3478 esse
1292 3417 1330 3479 et

281 3522 526 3617 quantitatem
543 3519 738 3616 positivam
756 3541 836 3592 esse
854 3516 1037 3606 concedit,
1055 3517 1147 3589 nihil
1173 3518 1327 3593 faciunt.

282 3636 380 3709 Nam
406 3633 503 3706 illius
524 3633 658 3721 verbis,
677 3656 752 3704 non
776 3631 964 3705 semissem
994 3652 1114 3727 neque
1141 3632 1327 3723 trientem,

281 3760 365 3836 ete,
379 3746 518 3843 aliquid
535 3769 614 3819 esse
632 3758 800 3840 negatur,
815 3744 880 3817 sed
901 3755 1047 3817 tantum
1067 3745 1227 3818 semissis
1251 3747 1326 3818 sive

281 3861 438 3948 trientis,
468 3870 553 3947 ete,
577 3857 625 3930 ad
655 3857 840 3952 integrum
868 3856 1050 3928 rationem
1081 3858 1325 3952 quantitatem

279 3974 428 4061 habere,
442 3972 481 4045 id
499 3983 667 4067 negatur.
703 3970 746 4041 In
759 3967 927 4064 legendis
946 3991 1036 4064 ergo
1053 3966 1323 4042 mathematicis

279 4111 353 4158 non
367 4086 476 4158 nimis
494 4098 549 4158 est
562 4097 705 4156 acutus.

330 4187 378 4258 B.
407 4186 481 4260 Sed
502 4187 600 4258 nosti
623 4186 730 4280 juxta
759 4180 980 4255 sententiam
1003 4181 1170 4267 Wallisii,
1195 4178 1322 4251 semis-

279 4322 368 4388 sem,
388 4311 426 4372 et
449 4297 608 4372 semissis
631 4298 679 4371 ad
703 4309 822 4374 totum
851 4296 1044 4384 rationem,
1063 4292 1218 4367 eandem
1243 4315 1322 4366 esse

279 4435 369 4484 rem.
