2956 5018
495 387 829 441 oaouaruaauu.
1105 375 1179 440 423

140 547 237 637 dam,
261 559 298 621 et
325 548 378 621 sic
405 548 451 622 de
475 551 629 641 caeteris,
653 562 695 624 ut
724 551 895 625 diximus.
946 552 1032 625 Non
1055 564 1177 626 autem
1215 581 1282 623 cm.
1295 581 1362 622 xm.

137 661 312 757 iutelligit
342 662 442 736 illam
475 664 623 759 duplam
651 689 730 739 esse
756 666 878 761 hujus,
910 690 956 739 ne
987 667 1178 741 theorema
1205 651 1361 757 ὦ

138 787 373 872 proponeret,
392 777 492 874 quod
511 780 641 852 merito
659 780 838 876 quispiam
856 780 1058 853 concedere
1075 805 1178 854 recu·
1205 777 1298 822 ΜΟ·

138 899 247 961 saret.
301 890 393 964 Quis
411 891 508 964 enim
526 893 732 985 affirmabit,
752 895 789 965 in
819 893 874 966 his
901 896 1063 967 numeris
1090 919 1178 968 con-

137 1002 241 1076 tinue
255 1006 602 1100 proportionalibus,
614 1015 825 1094 25-5-1,
839 1007 1118 1102 proportionem
1129 1015 1177 1081 25

137 1116 186 1190 ad
208 1127 222 1190 l
246 1117 394 1214 duplam
411 1143 490 1192 esse
507 1121 756 1216 proportionis
782 1129 828 1193 25
854 1119 902 1192 ad
929 1130 975 1193 5:
1004 1144 1089 1192 cum
1114 1145 1179 1216 po·

137 1228 211 1302 tius
228 1254 310 1302 eam
328 1231 408 1326 quis
425 1232 560 1305 dixerit
577 1256 657 1306 esse
675 1231 907 1329 quintuplam
923 1232 959 1304 ÷”

188 1344 230 1416 ln
249 1344 320 1416 illis
346 1345 408 1440 qui
433 1357 578 1441 putant,
595 1346 723 1442 positis
749 1346 867 1417 tribus
894 1345 1068 1418 continue
1094 1368 1179 1440 pro·

136 1457 415 1552 portionalibus,
433 1459 613 1532 rationem
640 1458 749 1554 primi
776 1457 824 1530 ad
850 1458 1001 1531 tertium
1029 1457 1178 1553 duplam

137 1592 216 1642 esse
249 1571 402 1644 rationis
436 1572 545 1667 primi
579 1573 626 1645 ad
662 1571 887 1654 secundum;
925 1571 1014 1643 item
1047 1569 1178 1666 positis

138 1692 296 1779 quatuor
314 1685 661 1780 proportionalibus,
680 1685 859 1757 rationem
875 1684 985 1780 primi
1003 1683 1050 1756 ad
1068 1706 1179 1779 quar·

137 1808 217 1867 tum
235 1796 382 1892 triplam
400 1821 478 1870 esse
502 1797 610 1893 primi
627 1797 675 1870 ad
700 1797 914 1886 secundum,
932 1798 995 1869 ubi
1017 1796 1178 1892 primum
1305 1848 1309 1853 -

137 1920 194 1981 est
217 1909 379 1981 omnium
399 1910 620 1982 maximum:
650 1909 759 1983 etiam
779 1933 847 2005 ego
865 1933 957 1982 sum.
1010 1907 1177 2003 Exempli

135 2021 280 2116 gratia:
313 2023 351 2093 in
367 2022 423 2095 bis
436 2022 608 2114 numeris,
625 2030 843 2096 8-4-2-
853 2031 886 2111 l,
901 2022 983 2095 dico
996 2022 1178 2094 rationem

136 2141 160 2207 8
178 2134 224 2208 ad
248 2145 261 2208 l
284 2159 362 2207 esse
379 2135 526 2232 triplam
551 2135 705 2208 rationis
723 2141 745 2207 8
764 2135 811 2207 ad
829 2146 850 2207 4
866 2167 874 2220 ;
903 2146 940 2208 et
963 2134 1175 2231 sesquialte-

135 2270 216 2320 ram
233 2248 427 2322 rationis8
451 2248 498 2321 ad
516 2257 564 2332 2;
592 2249 834 2322 strationem
860 2257 883 2322 8
909 2248 956 2321 ad
980 2258 1002 2322 2
1028 2246 1178 2343 duplam

135 2384 214 2434 esse
231 2362 385 2434 rationis
404 2370 426 2435 8
444 2361 492 2435 ad
508 2371 544 2433 4.
597 2361 684 2434 Non
702 2362 820 2434 solum
835 2362 922 2458 quia
938 2359 1108 2433 Euclides
1122 2382 1177 2431 ra·

136 2473 255 2546 tiones
280 2474 360 2547 illas
388 2473 592 2572 triplicatos
609 2473 668 2546 vel
693 2473 897 2571 duplicatas
921 2471 1094 2570 appellat,
1112 2471 1179 2545 sed

128 2586 225 2682 'quia
241 2610 368 2659 verum
387 2601 455 2676 est,
474 2600 512 2659 et
529 2586 666 2660 lumine
688 2589 846 2661 naturali
874 2611 978 2684 aeque
1006 2584 1178 2660 manifes-

136 2711 216 2773 tum
234 2725 278 2774 ac
294 2725 409 2775 unum
428 2712 465 2775 et
481 2725 597 2774 unum
615 2725 692 2775 esse
711 2701 796 2787 duo,
814 2713 879 2775 aut
902 2725 1017 2774 unum
1043 2710 1081 2773 et
1102 2698 1177 2772 duo

137 2836 216 2886 esse
233 2814 316 2887 tria.

185 2927 266 3001 Vox
280 2951 353 3023 qua
361 2927 479 3000 utitur
491 2928 562 3001 hoc
576 2929 658 3002 loco
672 2928 855 3019 Euclides,
867 2952 998 3024 nempe
1011 2939 1176 3024 διπλασίων,

136 3054 173 3114 et
190 3041 348 3115 vertitur
365 3065 388 3114 a
405 3041 531 3115 Clario
553 3041 760 3140 duplicata,
779 3042 858 3116 aliis
885 3042 923 3115 in
950 3042 1039 3115 locis
1060 3044 1177 3120 utitur

134 3178 202 3249 pro
221 3154 342 3250 dupla.
395 3154 517 3226 Primo
544 3154 581 3226 in
600 3155 707 3249 Prop.
727 3163 786 3228 20.
808 3155 924 3228 Elem.
943 3154 992 3226 iii.
1045 3156 1176 3254 ltaque

133 3268 289 3363 angulus
307 3267 344 3340 in
361 3279 500 3355 centra,
514 3291 589 3339 non
608 3268 728 3339 minus
744 3267 878 3340 dicitur
892 3267 1098 3362 duplicatus
1110 3295 1174 3344 an-

133 3381 212 3478 guli
229 3382 267 3453 in
285 3379 591 3466 circumferentia,
610 3403 719 3475 qnam
737 3379 880 3475 duplus.
917 3380 1036 3452 Etiam
1052 3405 1074 3453 a
1092 3382 1175 3456 Cla-

133 3495 194 3566 vio
211 3493 367 3566 vertitur
383 3517 454 3566 vox
482 3492 543 3564 illa
560 3491 689 3564 Graeca
707 3502 860 3561 διπλασιων
876 3515 951 3564 non
975 3492 1083 3566 modo
1108 3519 1175 3591 per

135 3607 287 3705 duplea,
305 3607 368 3679 sed
387 3607 498 3679 etiam
516 3629 581 3702 per
598 3602 759 3703 duplus:
777 3605 816 3676 in
829 3605 1080 3701 propositione
1094 3607 1174 3704 ipsa

134 3732 173 3792 et
190 3721 227 3793 in
246 3720 480 3793 conclusione
497 3743 563 3816 per
582 3717 733 3817 duplex,
751 3718 891 3791 scilicet
909 3742 956 3791 ne
980 3718 1174 3794 dissentire

125 3831 320 3907 'videretur
336 3834 537 3929 propositio
555 3857 578 3906 a
596 3832 829 3906 conclusione
845 3863 854 3916 ;
881 3832 1001 3906 sedin
1024 3833 1174 3908 demon-

123 3947 323 4035 stratione,
341 3970 407 4042 per
425 3946 573 4045 duplus.
602 3945 641 4018 Si
659 3968 748 4042 ergo
763 3942 1004 4044 duplicatum,
1024 3944 1173 4045 duplex,

134 4070 171 4132 et
190 4058 354 4158 duplum,
378 4060 417 4130 in
440 4059 707 4154 quantitatibus
730 4080 806 4130 non
829 4057 927 4129 idem
951 4057 1173 4153 significant,

133 4196 208 4245 non
222 4171 349 4244 debuit
366 4171 437 4244 illis
454 4172 510 4244 uti
528 4182 571 4243 ut
588 4170 687 4243 idem
704 4170 1006 4267 significantibus

184 4286 326 4359 Rursus
348 4284 387 4359 in
413 4282 665 4380 propositione
689 4284 818 4359 ultima
844 4284 960 4358 Elem.
978 4279 1174 4372 incudem
