2946 5010
335 398 651 453 usrnnusrrcn
671 398 916 452 sonituum.
1099 384 1147 448 33

176 569 226 644 A.
252 568 413 644 Pronum
429 578 486 643 est
501 567 679 657 oblivisci,
696 591 778 664 quae
794 589 869 640 non
885 564 1079 660 intelligas.
1202 592 1350 635 sumnus

173 681 221 757 B.
246 682 315 757 Est
330 681 369 754 in
386 681 443 754 his
458 680 556 754 illius
570 681 690 754 verbis
706 680 807 777 quod
818 703 893 753 non
906 678 1026 752 minus
1042 701 1163 774 repre·
1202 673 1343 778 ,ἐμ

122 795 335 880 henderem‚
354 818 466 892 quem
482 818 527 869 ea
543 818 626 890 quae
649 805 705 886 tu,
732 817 941 892 quanquam
963 793 1003 865 in
1018 815 1162 890 geome-

121 908 206 984 triae
221 907 429 1006 professore
446 907 668 1005 turpissima,
686 908 796 982 modo
812 904 1090 1005 reprehendisti.

175 1022 225 1096 Α.
252 1019 353 1096 Quid
368 1020 460 1095 illud
476 1021 560 1096 est?

174 1133 224 1208 B.
260 1131 365 1208 Oriri
387 1131 524 1208 lineam
548 1159 595 1208 ec
608 1133 724 1229 flurs
741 1131 887 1232 puncti,
911 1131 1088 1206 traditum
1105 1142 1163 1205 est

123 1270 196 1320 con
212 1245 348 1345 inepte.

178 1360 228 1434 Α.
254 1359 370 1434 Recte
385 1358 426 1432 id
442 1359 543 1434 dicit.

175 1469 224 1547 B.
248 1472 309 1546 An
325 1484 504 1569 punctum
520 1474 614 1547 fluit.

177 1584 226 1659 A.
254 1584 421 1660 Quidni?

178 1696 226 1771 B.
243 1695 425 1783 ,Movetur
441 1721 543 1795 ergo.

176 1810 225 1884 Α.
250 1809 388 1884 Verum
405 1809 509 1884 dicis,

177 1926 226 2002 B.
252 1927 462 2001 Aristotelis
479 1939 547 2018 est,
564 1927 657 2001 nihil
672 1927 811 2000 moveri
826 1939 961 2024 praeter
978 1950 1120 2024 corpus.

176 2037 222 2112 A.
245 2038 384 2114 Verum
399 2038 471 2113 hoc
496 2063 652 2137 qnoque.
703 2038 789 2112 Non
807 2040 904 2112 enim
921 2041 1050 2136 puncti
1063 2040 1164 2113 nulla

126 2164 183 2227 est
199 2151 407 2250 quontitos.
429 2151 496 2227 sed
522 2153 624 2227 nullo
650 2162 897 2248 computetur.
947 2152 1026 2226 Nec
1043 2152 1163 2249 ipsum

127 2277 307 2363 punctum
323 2265 428 2356 nihil,
454 2276 519 2340 ant
540 2263 759 2339 indivisibile
779 2277 847 2352 est,
873 2263 939 2338 sed
954 2263 1161 2340 indivisum.

128 2381 258 2476 Itaque
275 2379 340 2476 qui
357 2378 485 2452 dicunt
502 2377 671 2452 tellurem
688 2399 766 2451 esse
781 2389 971 2474 punctum,
996 2401 1072 2451 non
1096 2378 1165 2451 im-

127 2493 275 2591 proprie
292 2492 505 2589 loquuntur,
519 2491 662 2589 quoties
680 2490 788 2565 dees
799 2491 934 2588 egitur,
943 2501 986 2564 nt
998 2489 1038 2564 in
1050 2502 1166 2564 ostro·

127 2607 263 2696 nomia,
290 2605 521 2680 describente
547 2604 681 2690 lineam
707 2616 831 2678 motus
859 2604 984 2678 annui.
1035 2604 1166 2702 Neque

126 2718 234 2794 lineae
250 2717 409 2793 latitudo
427 2717 528 2793 nullu
553 2730 622 2808 est,
639 2715 704 2791 sed
726 2717 828 2790 nulla
849 2716 1102 2791 consideretur
1126 2718 1166 2790 in

127 2830 453 2907 demonstratione.
504 2830 653 2928 Alioqui
679 2829 902 2926 impossibile
928 2841 1039 2921 esset,
1066 2830 1167 2928 qnod

127 2943 291 3042 postulat
318 2943 501 3033 Euclides,
531 2943 667 3018 lineam
694 2942 850 3029 dnoere;
878 2953 916 3017 et
941 2967 1008 3041 per
1037 2967 1166 3020 conse-

128 3082 246 3157 quens
263 3067 345 3133 tote
359 3057 497 3154 periret
512 3056 676 3132 Euclidis
691 3057 905 3155 geometria.

179 3170 230 3245 B.
257 3171 385 3245 Recte.
428 3170 574 3268 Negnto
591 3170 689 3244 enim
706 3169 805 3268 quod
820 3171 938 3267 possit
954 3170 1040 3245 duci
1056 3170 1165 3261 lineo,

127 3306 248 3380 neque
264 3283 304 3356 in
321 3282 417 3357 illius
432 3281 644 3372 Elementis
663 3305 784 3380 neque
800 3283 839 3356 in
859 3305 1077 3380 quocunque
1093 3285 1166 3358 olio

128 3396 221 3471 libro
234 3394 460 3493 geometrico
474 3394 670 3492 quicquam
683 3407 785 3470 extet
799 3395 1050 3470 demonstrati.
1076 3396 1165 3471 Esto

129 3533 218 3608 ergo
244 3532 372 3583 verum
402 3507 502 3606 quod
526 3506 588 3582 hic
617 3507 717 3583 dicit.
774 3507 905 3583 Certus
934 3521 1058 3584 temen
1084 3533 1166 3582 sum

128 3622 237 3697 aliter
272 3621 428 3696 sensisse
465 3621 587 3718 ipsum
631 3644 716 3694 cnm
748 3620 950 3695 Elencdnm
989 3621 1166 3695 scriberet

129 3745 261 3809 contra
278 3733 480 3823 Hobbinm,
496 3731 624 3807 eedem
650 3732 833 3807 dicentem
850 3758 933 3831 qnae
958 3758 1056 3808 nunc
1073 3733 1165 3809 dieis

129 3858 183 3939 tn,
202 3870 313 3945 quem
330 3846 377 3920 ob
394 3845 434 3920 id
448 3846 569 3944 ipsum
585 3846 755 3921 convitiis
772 3859 911 3921 onerat.

178 3957 226 4033 A.
252 3960 373 4033 Tanto
402 3968 461 4033 est
488 3960 656 4057 nequior.
719 3960 794 4035 Sed
818 3961 1166 4057 pergamus-Non

129 4073 249 4146 minus
265 4082 370 4147 recte
386 4082 518 4162 tamen,
536 4098 593 4147 me
608 4072 752 4169 judice,
774 4073 973 4163 diceretur,
1003 4075 1038 4148 si
1061 4101 1164 4175 mog·

128 4185 312 4261 situdinis
334 4187 565 4285 principium
595 4187 800 4262 diceremus
839 4188 974 4285 (prout
1003 4188 1065 4262 hic
1094 4189 1166 4262 loci

123 4297 310 4397 principii
332 4323 404 4373 oon
426 4299 572 4375 videtur
595 4299 865 4398 intelligenda)
893 4300 1014 4399 ipram
1040 4311 1166 4380 enten-

228 4433 324 4486 vo1..
339 4433 396 4486 ιν.
1039 4436 1067 4489 n
