2946 5010
311 411 378 477 132
522 421 792 474 uxuurnurro
811 423 863 474 nr
882 420 1128 473 nunnnrrro

119 618 268 659 nrisoous
309 590 449 665 duabus
466 589 536 662 illis
554 590 757 663 rationibus
774 590 881 663 simul
898 589 1065 686 sumptis.
1102 589 1231 682 Itaque
1247 610 1350 661 com-

124 700 279 804 ,ζ’
308 704 442 800 positio
475 704 658 776 rationum
695 716 750 776 est
778 705 961 776 rationum
988 703 1096 775 unius
1121 699 1169 773 ad
1195 700 1350 773 alteram

309 816 463 904 additio,
481 826 523 888 ut
541 839 651 912 supra
668 829 854 889 ostensum
872 829 939 889 est.
993 815 1115 890 Quare
1133 815 1350 909 compositio

309 930 492 1004 rationum
510 927 556 1002 de
574 954 646 1025 qua
660 930 719 1003 hie
734 930 897 1025 loquitur
910 928 1091 1015 Euclides,
1102 939 1159 1001 est
1169 928 1350 1023 ipsissima

309 1043 492 1115 rationum
509 1043 617 1115 unius
636 1042 683 1116 ad
701 1044 852 1117 alteram
871 1042 1022 1116 additi0.

362 1153 410 1228 B.
437 1154 745 1230 Manifestissime.
812 1157 964 1230 Additio
999 1167 1123 1229 tamen
1160 1155 1242 1228 haec
1284 1178 1351 1251 per

310 1268 656 1364 multiplicationem
674 1271 873 1366 perficitur.

361 1380 411 1455 Α.
437 1383 591 1466 Verum;
619 1395 659 1456 at
680 1408 756 1456 non
779 1408 846 1479 per
867 1381 1208 1478 multiplicationem
1237 1381 1351 1454 ratio-

311 1518 411 1580 num,
429 1493 494 1567 sed
510 1518 577 1590 per
594 1496 935 1591 multiplicationem
951 1496 1203 1568 terminorum.
1262 1494 1351 1567 Ter-

311 1607 402 1681 mini
431 1618 553 1680 autem
580 1631 653 1680 non
682 1620 768 1681 sunt
794 1609 973 1697 rationes,
991 1608 1030 1680 id
1053 1618 1110 1680 est
1134 1607 1350 1696 relationes,

311 1719 376 1794 sed
393 1719 593 1809 correleta,
612 1744 701 1817 ques
719 1719 888 1793 Euclides
914 1721 974 1794 hic
991 1719 1152 1817 appellat
1168 1721 1351 1794 rationum

311 1834 550 1933 quantitates.

363 1947 411 2020 B.
439 1949 498 2020 Ita
515 1959 582 2020 est.

361 2061 412 2134 Α.
438 2063 490 2134 At
526 2061 712 2134 Wallisius
730 2089 732 2093 ·
752 2061 831 2134 haec
866 2085 942 2134 non
978 2061 1162 2158 intelligit,
1205 2072 1249 2134 ut
1287 2085 1352 2159 per

311 2175 478 2270 proxima
519 2176 597 2270 ejus
631 2176 744 2248 verba
786 2174 978 2247 manifeste
1012 2173 1228 2271 apparebit3
1267 2183 1351 2248 sunt

312 2297 436 2358 autem
457 2285 537 2359 haec
552 2286 718 2371 2-Quid
732 2309 810 2382 per
834 2287 1018 2358 rationum
1040 2285 1271 2383 quantitates
1297 2286 1351 2359 irt-

314 2397 454 2497 tetligit
481 2397 660 2474 Euclides
686 2424 755 2473 non
779 2399 877 2472 inter
905 2399 1130 2498 interpretes
1158 2400 1324 2473 convenit
1336 2427 1350 2483 ,·

314 2536 395 2583 uum
421 2511 566 2584 seilicet
591 2512 692 2609 ipram
714 2514 899 2601 terminos,
926 2537 1007 2585 eum
1032 2513 1132 2609 quod
1157 2539 1204 2586 ee
1230 2538 1352 2586 eorum

315 2625 595 2721 comparatione
628 2626 956 2721 provenit-Quae
994 2625 1216 2721 proveniunt
1256 2628 1352 2717 inde,

316 2760 459 2832 nempe,
477 2761 499 2808 a
517 2736 822 2833 multiplicatione
845 2739 1086 2811 terminorum
1108 2739 1145 2811 in
1165 2741 1352 2828 terminos

315 2848 454 2919 habent
481 2849 627 2943 quidem
652 2850 831 2922 rationem
855 2877 901 2923 ex
924 2851 1121 2947 propositis
1148 2853 1353 2926 rationibus

317 2960 579 3056 compositam
608 2964 755 3035 termini
775 2976 898 3036 autem
922 2966 1106 3037 rationum
1133 2989 1354 3060 componen-

316 3072 445 3146 darum
462 3097 540 3148 esse
559 3099 634 3147 non
651 3088 814 3170 possunt.

368 3187 415 3260 B.
443 3189 612 3261 Profecto
630 3188 819 3261 Euclidem
836 3190 906 3262 hoc
927 3189 1010 3263 loco
1028 3191 1211 3286 professor
1229 3203 1354 3264 noster

315 3324 391 3373 non
422 3301 609 3374 intellexit.
680 3301 822 3399 Neque,
857 3303 980 3392 crede,
1014 3305 1208 3378 authorem
1239 3305 1354 3378 ullum

316 3414 409 3488 vidit
439 3416 501 3510 qui
536 3415 760 3510 quantitates
795 3417 980 3489 rationum
1014 3440 1058 3489 eo
1093 3416 1202 3489 modo
1241 3419 1354 3491 inter-

316 3539 481 3623 pretatus
499 3529 556 3600 sit.

366 3640 415 3713 Α.
444 3639 544 3712 Alias
563 3662 708 3734 quoque
726 3641 966 3713 animadverti
991 3665 1086 3730 eum,
1105 3666 1187 3736 quae
1211 3642 1354 3739 scripsit

318 3750 487 3824 dubitans
505 3775 551 3824 an
570 3766 691 3825 essent
708 3777 795 3825 vera
818 3777 944 3838 necne,
970 3752 1195 3850 quibusdum,
1226 3757 1266 3829 id
1288 3768 1354 3844 est,

317 3864 529 3936 authoribus
560 3866 763 3961 anonymis,
794 3864 991 3937 individuis
1012 3867 1114 3961 vagis
1141 3869 1353 3942 attribuere.

318 3976 391 4048 Sed
409 3977 496 4071 quid
514 3977 581 4050 tibi
594 3978 739 4051 videtur
756 3978 873 4051 oratio
891 3978 994 4051 haee:
1031 3979 1217 4053 Utrumvis
1234 3993 1355 4056 autem

318 4088 479 4178 dicatur,
508 4090 670 4186 perinde
700 4100 781 4164 est:
801 4100 912 4189 puta,
943 4092 977 4163 si
1003 4092 1162 4165 rationis
1185 4095 1219 4166 A
1243 4095 1299 4167 ad
1326 4093 1354 4165 B

220 4281 222 4287 s
317 4202 462 4274 termini
479 4202 517 4274 in
542 4203 713 4276 terminos
739 4204 895 4276 rationis
913 4244 931 4278 a
951 4204 1007 4276 ad
1027 4221 1049 4296 β
1067 4207 1276 4303 respective
1293 4207 1356 4279 dre-

315 4323 455 4404 canter,
473 4339 601 4411 nempe
618 4317 650 4386 A
669 4317 707 4389 ire
725 4354 756 4406 a,
772 4318 802 4389 B
822 4319 858 4390 iu
875 4326 908 4406 β,
926 4327 965 4390 ut
976 4319 1176 4415 proveniat
1201 4321 1306 4394 ratio
1324 4320 1355 4393 A
