<?xml version="1.0" encoding="UTF-8"?>
<!DOCTYPE html PUBLIC "-//W3C//DTD XHTML 1.0 Transitional//EN"
    "http://www.w3.org/TR/xhtml1/DTD/xhtml1-transitional.dtd">
<html xmlns="http://www.w3.org/1999/xhtml" xml:lang="en" lang="en">
 <head>
  <title>
</title>
<meta http-equiv="Content-Type" content="text/html;charset=utf-8" />
  <meta name='ocr-system' content='tesseract 3.04.00' />
  <meta name='ocr-capabilities' content='ocr_page ocr_carea ocr_par ocr_line ocrx_word'/>
</head>
<body>
  <div class='ocr_page' id='page_1' title='image "./thomhobbesmalme01hobbgoog_0206.png"; bbox 0 0 2946 5010; ppageno 0'>
   <div class='ocr_carea' id='block_1_1' title="bbox 386 386 1203 453">
    <p class='ocr_par' dir='ltr' id='par_1_1' title="bbox 386 386 1203 453">
     <span class='ocr_line' id='line_1_1' title="bbox 386 386 1203 453; baseline 0.002 -3"><span class='ocrx_word' id='word_1_1' title='bbox 386 399 963 453; x_wconf 71' lang='lat' dir='ltr'><strong>marnnuurrcnnonmnnm.</strong></span> <span class='ocrx_word' id='word_1_2' title='bbox 1135 386 1203 453; x_wconf 82' lang='grc'><strong>195</strong></span> 
     </span>
    </p>
   </div>
   <div class='ocr_carea' id='block_1_2' title="bbox 161 566 1390 4282">
    <p class='ocr_par' dir='ltr' id='par_1_2' title="bbox 161 566 1390 891">
     <span class='ocr_line' id='line_1_2' title="bbox 162 566 1390 666; baseline -0.002 -27"><span class='ocrx_word' id='word_1_3' title='bbox 162 590 201 639; x_wconf 92' lang='lat' dir='ltr'><strong>se</strong></span> <span class='ocrx_word' id='word_1_4' title='bbox 219 566 394 640; x_wconf 83' lang='lat' dir='ltr'><strong>methodo</strong></span> <span class='ocrx_word' id='word_1_5' title='bbox 412 567 664 642; x_wconf 90' lang='lat' dir='ltr'><strong>demonstrata</strong></span> <span class='ocrx_word' id='word_1_6' title='bbox 681 592 760 642; x_wconf 87' lang='lat' dir='ltr'><strong>esse</strong></span> <span class='ocrx_word' id='word_1_7' title='bbox 773 569 944 666; x_wconf 84' lang='lat' dir='ltr'>opinatus</span> <span class='ocrx_word' id='word_1_8' title='bbox 962 578 1028 641; x_wconf 90' lang='lat' dir='ltr'><strong>cst.</strong></span> <span class='ocrx_word' id='word_1_9' title='bbox 1057 567 1108 640; x_wconf 92' lang='lat' dir='ltr'><strong>Ut</strong></span> <span class='ocrx_word' id='word_1_10' title='bbox 1119 570 1205 664; x_wconf 94' lang='lat' dir='ltr'><strong>quia</strong></span> <span class='ocrx_word' id='word_1_11' title='bbox 1237 598 1390 637; x_wconf 75' lang='lat' dir='ltr'><strong>mmoous</strong></span> 
     </span>
     <span class='ocr_line' id='line_1_3' title="bbox 162 679 1388 782; baseline 0.002 -29"><span class='ocrx_word' id='word_1_12' title='bbox 162 680 311 753; x_wconf 88' lang='lat' dir='ltr'><strong>videbat</strong></span> <span class='ocrx_word' id='word_1_13' title='bbox 328 705 413 754; x_wconf 91' lang='lat' dir='ltr'><strong>cum</strong></span> <span class='ocrx_word' id='word_1_14' title='bbox 431 682 613 769; x_wconf 88' lang='lat' dir='ltr'><strong>omnibus,</strong></span> <span class='ocrx_word' id='word_1_15' title='bbox 632 682 670 753; x_wconf 95' lang='lat' dir='ltr'><strong>in</strong></span> <span class='ocrx_word' id='word_1_16' title='bbox 687 683 944 777; x_wconf 85' lang='lat' dir='ltr'>progressione</span> <span class='ocrx_word' id='word_1_17' title='bbox 966 704 1204 755; x_wconf 86' lang='lat' dir='ltr'><strong>numerorum</strong></span> <span class='ocrx_word' id='word_1_18' title='bbox 1245 679 1388 782; x_wconf 43' lang='grc' dir='ltr'><strong>,ζ</strong></span> 
     </span>
     <span class='ocr_line' id='line_1_4' title="bbox 161 793 1205 891; baseline 0.002 -26"><span class='ocrx_word' id='word_1_19' title='bbox 161 793 336 890; x_wconf 85' lang='lat' dir='ltr'><strong>acyphra</strong></span> <span class='ocrx_word' id='word_1_20' title='bbox 350 795 425 867; x_wconf 88' lang='lat' dir='ltr'><strong>sive</strong></span> <span class='ocrx_word' id='word_1_21' title='bbox 444 803 480 882; x_wconf 93' lang='lat'><strong>0,</strong></span> <span class='ocrx_word' id='word_1_22' title='bbox 493 818 675 868; x_wconf 91' lang='lat' dir='ltr'><strong>summam</strong></span> <span class='ocrx_word' id='word_1_23' title='bbox 700 819 939 868; x_wconf 89' lang='lat' dir='ltr'><strong>numerorum</strong></span> <span class='ocrx_word' id='word_1_24' title='bbox 966 794 1205 891; x_wconf 90' lang='lat' dir='ltr'><strong>progredien-</strong></span> 
     </span>
    </p>

    <p class='ocr_par' dir='ltr' id='par_1_3' title="bbox 161 906 1205 981">
     <span class='ocr_line' id='line_1_5' title="bbox 161 906 1205 981; baseline 0.001 -2"><span class='ocrx_word' id='word_1_25' title='bbox 161 906 254 979; x_wconf 89' lang='lat' dir='ltr'><strong>tium</strong></span> <span class='ocrx_word' id='word_1_26' title='bbox 272 907 462 981; x_wconf 87' lang='lat' dir='ltr'><strong>dimidiam</strong></span> <span class='ocrx_word' id='word_1_27' title='bbox 480 932 558 981; x_wconf 88' lang='lat' dir='ltr'><strong>esse</strong></span> <span class='ocrx_word' id='word_1_28' title='bbox 576 931 729 981; x_wconf 85' lang='lat' dir='ltr'><strong>summae</strong></span> <span class='ocrx_word' id='word_1_29' title='bbox 746 908 888 980; x_wconf 89' lang='lat' dir='ltr'><strong>numeri</strong></span> <span class='ocrx_word' id='word_1_30' title='bbox 916 907 1066 981; x_wconf 81' lang='lat' dir='ltr'><strong>maximi</strong></span> <span class='ocrx_word' id='word_1_31' title='bbox 1094 907 1205 980; x_wconf 86' lang='lat' dir='ltr'><strong>toties</strong></span> 
     </span>
    </p>

    <p class='ocr_par' dir='ltr' id='par_1_4' title="bbox 162 1020 1205 1116">
     <span class='ocr_line' id='line_1_6' title="bbox 162 1020 1205 1116; baseline 0.001 -25"><span class='ocrx_word' id='word_1_32' title='bbox 162 1021 299 1116; x_wconf 92' lang='lat' dir='ltr'><strong>sumpti</strong></span> <span class='ocrx_word' id='word_1_33' title='bbox 317 1033 408 1116; x_wconf 91' lang='lat' dir='ltr'><strong>quot</strong></span> <span class='ocrx_word' id='word_1_34' title='bbox 425 1032 513 1093; x_wconf 90' lang='lat' dir='ltr'><strong>sunt</strong></span> <span class='ocrx_word' id='word_1_35' title='bbox 529 1021 678 1094; x_wconf 86' lang='lat' dir='ltr'><strong>termini</strong></span> <span class='ocrx_word' id='word_1_36' title='bbox 695 1021 974 1116; x_wconf 84' lang='lat' dir='ltr'><strong>progressionis,</strong></span> <span class='ocrx_word' id='word_1_37' title='bbox 993 1020 1090 1092; x_wconf 92' lang='lat' dir='ltr'><strong>idem</strong></span> <span class='ocrx_word' id='word_1_38' title='bbox 1108 1020 1205 1092; x_wconf 89' lang='lat' dir='ltr'><strong>acci-</strong></span> 
     </span>
    </p>

    <p class='ocr_par' dir='ltr' id='par_1_5' title="bbox 163 1132 1205 1207">
     <span class='ocr_line' id='line_1_7' title="bbox 163 1132 1205 1207; baseline 0.001 -3"><span class='ocrx_word' id='word_1_39' title='bbox 163 1132 249 1205; x_wconf 92' lang='lat' dir='ltr'><strong>dere</strong></span> <span class='ocrx_word' id='word_1_40' title='bbox 263 1133 376 1206; x_wconf 88' lang='lat' dir='ltr'><strong>etiam</strong></span> <span class='ocrx_word' id='word_1_41' title='bbox 390 1133 584 1207; x_wconf 88' lang='lat' dir='ltr'><strong>affirmavit</strong></span> <span class='ocrx_word' id='word_1_42' title='bbox 599 1133 662 1206; x_wconf 93' lang='lat' dir='ltr'><strong>ubi</strong></span> <span class='ocrx_word' id='word_1_43' title='bbox 679 1133 787 1206; x_wconf 91' lang='lat' dir='ltr'><strong>lineae</strong></span> <span class='ocrx_word' id='word_1_44' title='bbox 802 1133 1009 1206; x_wconf 91' lang='lat' dir='ltr'><strong>latitudinis</strong></span> <span class='ocrx_word' id='word_1_45' title='bbox 1026 1133 1205 1206; x_wconf 77' lang='lat' dir='ltr'><strong>infinitae*</strong></span> 
     </span>
    </p>

    <p class='ocr_par' dir='ltr' id='par_1_6' title="bbox 162 1245 1206 1343">
     <span class='ocr_line' id='line_1_8' title="bbox 162 1245 1206 1343; baseline 0.002 -26"><span class='ocrx_word' id='word_1_46' title='bbox 162 1245 316 1341; x_wconf 82' lang='lat' dir='ltr'><strong>exiguae,</strong></span> <span class='ocrx_word' id='word_1_47' title='bbox 332 1258 539 1320; x_wconf 86' lang='lat' dir='ltr'><strong>crescentes</strong></span> <span class='ocrx_word' id='word_1_48' title='bbox 556 1270 579 1320; x_wconf 90' lang='lat' dir='ltr'><strong>a</strong></span> <span class='ocrx_word' id='word_1_49' title='bbox 595 1257 747 1343; x_wconf 91' lang='lat' dir='ltr'><strong>puncto,</strong></span> <span class='ocrx_word' id='word_1_50' title='bbox 767 1246 970 1319; x_wconf 90' lang='lat' dir='ltr'><strong>secundum</strong></span> <span class='ocrx_word' id='word_1_51' title='bbox 980 1247 1206 1342; x_wconf 88' lang='lat' dir='ltr'><strong>progressio-</strong></span> 
     </span>
    </p>

    <p class='ocr_par' dir='ltr' id='par_1_7' title="bbox 162 1359 1206 1456">
     <span class='ocr_line' id='line_1_9' title="bbox 162 1359 1206 1456; baseline 0.001 -26"><span class='ocrx_word' id='word_1_52' title='bbox 162 1382 248 1431; x_wconf 91' lang='lat' dir='ltr'><strong>nem</strong></span> <span class='ocrx_word' id='word_1_53' title='bbox 272 1359 438 1450; x_wconf 91' lang='lat' dir='ltr'><strong>eandcm‚</strong></span> <span class='ocrx_word' id='word_1_54' title='bbox 463 1359 690 1434; x_wconf 91' lang='lat' dir='ltr'><strong>constituent</strong></span> <span class='ocrx_word' id='word_1_55' title='bbox 710 1360 942 1456; x_wconf 87' lang='lat' dir='ltr'><strong>superficiem</strong></span> <span class='ocrx_word' id='word_1_56' title='bbox 970 1360 1206 1455; x_wconf 90' lang='lat' dir='ltr'><strong>qualemcun-</strong></span> 
     </span>
    </p>

    <p class='ocr_par' dir='ltr' id='par_1_8' title="bbox 162 1472 1207 1682">
     <span class='ocr_line' id='line_1_10' title="bbox 163 1472 1207 1568; baseline 0.002 -24"><span class='ocrx_word' id='word_1_57' title='bbox 163 1496 246 1568; x_wconf 92' lang='lat' dir='ltr'><strong>que.</strong></span> <span class='ocrx_word' id='word_1_58' title='bbox 324 1473 447 1562; x_wconf 80' lang='lat' dir='ltr'><strong>Quod,</strong></span> <span class='ocrx_word' id='word_1_59' title='bbox 481 1472 730 1545; x_wconf 84' lang='lat' dir='ltr'><strong>nescientibus</strong></span> <span class='ocrx_word' id='word_1_60' title='bbox 766 1472 863 1545; x_wconf 90' lang='lat' dir='ltr'><strong>illius</strong></span> <span class='ocrx_word' id='word_1_61' title='bbox 902 1472 1135 1546; x_wconf 90' lang='lat' dir='ltr'><strong>encomiastis</strong></span> <span class='ocrx_word' id='word_1_62' title='bbox 1169 1483 1207 1546; x_wconf 87' lang='lat' dir='ltr'><strong>et</strong></span> 
     </span>
     <span class='ocr_line' id='line_1_11' title="bbox 162 1584 1205 1682; baseline 0 -23"><span class='ocrx_word' id='word_1_63' title='bbox 162 1586 348 1659; x_wconf 87' lang='lat' dir='ltr'><strong>nonnullis</strong></span> <span class='ocrx_word' id='word_1_64' title='bbox 359 1598 540 1682; x_wconf 85' lang='lat' dir='ltr'><strong>praeterea</strong></span> <span class='ocrx_word' id='word_1_65' title='bbox 553 1584 766 1682; x_wconf 89' lang='lat' dir='ltr'><strong>geometriae</strong></span> <span class='ocrx_word' id='word_1_66' title='bbox 776 1584 1205 1681; x_wconf 72' lang='lat' dir='ltr'><strong>professoribusfaisum,</strong></span> 
     </span>
    </p>

    <p class='ocr_par' dir='ltr' id='par_1_9' title="bbox 161 1698 1206 1908">
     <span class='ocr_line' id='line_1_12' title="bbox 163 1698 1206 1795; baseline 0.001 -24"><span class='ocrx_word' id='word_1_67' title='bbox 163 1723 281 1795; x_wconf 92' lang='lat' dir='ltr'><strong>neque</strong></span> <span class='ocrx_word' id='word_1_68' title='bbox 311 1700 382 1772; x_wconf 91' lang='lat' dir='ltr'><strong>nisi</strong></span> <span class='ocrx_word' id='word_1_69' title='bbox 412 1700 457 1773; x_wconf 92' lang='lat' dir='ltr'><strong>de</strong></span> <span class='ocrx_word' id='word_1_70' title='bbox 481 1698 675 1795; x_wconf 84' lang='lat' dir='ltr'><strong>triangulis</strong></span> <span class='ocrx_word' id='word_1_71' title='bbox 708 1700 909 1773; x_wconf 90' lang='lat' dir='ltr'><strong>rectilineis</strong></span> <span class='ocrx_word' id='word_1_72' title='bbox 939 1699 1206 1789; x_wconf 88' lang='lat' dir='ltr'><strong>universaliter,</strong></span> 
     </span>
     <span class='ocr_line' id='line_1_13' title="bbox 161 1813 567 1908; baseline 0.002 -24"><span class='ocrx_word' id='word_1_73' title='bbox 161 1813 483 1908; x_wconf 88' lang='lat' dir='ltr'><strong>pronunciandum</strong></span> <span class='ocrx_word' id='word_1_74' title='bbox 499 1824 567 1886; x_wconf 88' lang='lat' dir='ltr'><strong>est.</strong></span> 
     </span>
    </p>

    <p class='ocr_par' dir='ltr' id='par_1_10' title="bbox 162 1924 1208 4282">
     <span class='ocr_line' id='line_1_14' title="bbox 212 1924 1207 2022; baseline 0 -25"><span class='ocrx_word' id='word_1_75' title='bbox 212 1926 347 2000; x_wconf 84' lang='lat' dir='ltr'><strong>Vidisti</strong></span> <span class='ocrx_word' id='word_1_76' title='bbox 390 1928 469 2022; x_wconf 88' lang='lat' dir='ltr'><strong>jam</strong></span> <span class='ocrx_word' id='word_1_77' title='bbox 498 1937 678 2000; x_wconf 90' lang='lat' dir='ltr'><strong>tractatus</strong></span> <span class='ocrx_word' id='word_1_78' title='bbox 695 1924 863 2013; x_wconf 91' lang='lat' dir='ltr'><strong>Wallisii,</strong></span> <span class='ocrx_word' id='word_1_79' title='bbox 891 1935 972 1997; x_wconf 91' lang='lat' dir='ltr'><strong>tum</strong></span> <span class='ocrx_word' id='word_1_80' title='bbox 1009 1924 1207 2020; x_wconf 90' lang='lat' dir='ltr'><strong>geometri-</strong></span> 
     </span>
     <span class='ocr_line' id='line_1_15' title="bbox 164 2037 1205 2132; baseline -0.004 -20"><span class='ocrx_word' id='word_1_81' title='bbox 164 2063 227 2113; x_wconf 92' lang='lat' dir='ltr'><strong>cos</strong></span> <span class='ocrx_word' id='word_1_82' title='bbox 258 2051 339 2112; x_wconf 94' lang='lat' dir='ltr'><strong>tum</strong></span> <span class='ocrx_word' id='word_1_83' title='bbox 368 2039 631 2123; x_wconf 89' lang='lat' dir='ltr'><strong>arithmeticos,</strong></span> <span class='ocrx_word' id='word_1_84' title='bbox 660 2038 796 2110; x_wconf 92' lang='lat' dir='ltr'><strong>nullius</strong></span> <span class='ocrx_word' id='word_1_85' title='bbox 826 2060 906 2109; x_wconf 91' lang='lat' dir='ltr'><strong>csse</strong></span> <span class='ocrx_word' id='word_1_86' title='bbox 933 2038 1054 2132; x_wconf 90' lang='lat' dir='ltr'><strong>pretii,</strong></span> <span class='ocrx_word' id='word_1_87' title='bbox 1071 2048 1113 2109; x_wconf 91' lang='lat' dir='ltr'><strong>ut</strong></span> <span class='ocrx_word' id='word_1_88' title='bbox 1140 2037 1205 2132; x_wconf 94' lang='lat' dir='ltr'><strong>qui</strong></span> 
     </span>
     <span class='ocr_line' id='line_1_16' title="bbox 164 2149 1207 2226; baseline -0.002 -2"><span class='ocrx_word' id='word_1_89' title='bbox 164 2152 304 2225; x_wconf 91' lang='lat' dir='ltr'><strong>nullam</strong></span> <span class='ocrx_word' id='word_1_90' title='bbox 315 2153 507 2226; x_wconf 90' lang='lat' dir='ltr'><strong>continent</strong></span> <span class='ocrx_word' id='word_1_91' title='bbox 517 2153 595 2225; x_wconf 90' lang='lat' dir='ltr'><strong>veri</strong></span> <span class='ocrx_word' id='word_1_92' title='bbox 605 2150 841 2225; x_wconf 89' lang='lat' dir='ltr'><strong>theorematis</strong></span> <span class='ocrx_word' id='word_1_93' title='bbox 853 2149 1207 2223; x_wconf 91' lang='lat' dir='ltr'><strong>demonstrationem</strong></span> 
     </span>
     <span class='ocr_line' id='line_1_17' title="bbox 163 2263 1207 2361; baseline -0.002 -23"><span class='ocrx_word' id='word_1_94' title='bbox 163 2290 320 2350; x_wconf 88' lang='lat' dir='ltr'><strong>novam;</strong></span> <span class='ocrx_word' id='word_1_95' title='bbox 347 2266 494 2339; x_wconf 90' lang='lat' dir='ltr'><strong>sedvel</strong></span> <span class='ocrx_word' id='word_1_96' title='bbox 520 2266 676 2339; x_wconf 87' lang='lat' dir='ltr'><strong>aliorum</strong></span> <span class='ocrx_word' id='word_1_97' title='bbox 704 2263 1036 2338; x_wconf 84' lang='lat' dir='ltr'><strong>demonstrationes</strong></span> <span class='ocrx_word' id='word_1_98' title='bbox 1062 2265 1207 2361; x_wconf 90' lang='lat' dir='ltr'><strong>symbo-</strong></span> 
     </span>
     <span class='ocr_line' id='line_1_18' title="bbox 163 2377 1208 2474; baseline -0.001 -24"><span class='ocrx_word' id='word_1_99' title='bbox 163 2379 245 2469; x_wconf 90' lang='lat' dir='ltr'><strong>lice,</strong></span> <span class='ocrx_word' id='word_1_100' title='bbox 264 2378 375 2452; x_wconf 91' lang='lat' dir='ltr'><strong>idest</strong></span> <span class='ocrx_word' id='word_1_101' title='bbox 397 2380 565 2467; x_wconf 88' lang='lat' dir='ltr'><strong>obscure,</strong></span> <span class='ocrx_word' id='word_1_102' title='bbox 595 2378 867 2474; x_wconf 81' lang='lat' dir='ltr'><strong>transcriptns3</strong></span> <span class='ocrx_word' id='word_1_103' title='bbox 893 2378 952 2450; x_wconf 87' lang='lat' dir='ltr'><strong>vel</strong></span> <span class='ocrx_word' id='word_1_104' title='bbox 980 2401 1064 2451; x_wconf 90' lang='lat' dir='ltr'><strong>suas</strong></span> <span class='ocrx_word' id='word_1_105' title='bbox 1095 2377 1208 2474; x_wconf 87' lang='lat' dir='ltr'><strong>ipsius</strong></span> 
     </span>
     <span class='ocr_line' id='line_1_19' title="bbox 163 2491 1208 2589; baseline -0.001 -25"><span class='ocrx_word' id='word_1_106' title='bbox 163 2492 273 2565; x_wconf 85' lang='lat' dir='ltr'><strong>falsas</strong></span> <span class='ocrx_word' id='word_1_107' title='bbox 288 2525 297 2578; x_wconf 90' lang='lat'><strong>;</strong></span> <span class='ocrx_word' id='word_1_108' title='bbox 324 2494 382 2567; x_wconf 90' lang='lat' dir='ltr'><strong>vel</strong></span> <span class='ocrx_word' id='word_1_109' title='bbox 400 2493 511 2566; x_wconf 88' lang='lat' dir='ltr'><strong>etiam</strong></span> <span class='ocrx_word' id='word_1_110' title='bbox 530 2492 738 2589; x_wconf 87' lang='lat' dir='ltr'><strong>aliquando,</strong></span> <span class='ocrx_word' id='word_1_111' title='bbox 755 2491 959 2587; x_wconf 88' lang='lat' dir='ltr'><strong>praesertim</strong></span> <span class='ocrx_word' id='word_1_112' title='bbox 982 2492 1020 2564; x_wconf 95' lang='lat' dir='ltr'><strong>in</strong></span> <span class='ocrx_word' id='word_1_113' title='bbox 1032 2492 1208 2564; x_wconf 86' lang='lat' dir='ltr'><strong>Tractatu</strong></span> 
     </span>
     <span class='ocr_line' id='line_1_20' title="bbox 163 2604 1206 2702; baseline -0.001 -25"><span class='ocrx_word' id='word_1_114' title='bbox 163 2605 211 2678; x_wconf 83' lang='lat' dir='ltr'><strong>de</strong></span> <span class='ocrx_word' id='word_1_115' title='bbox 228 2606 473 2680; x_wconf 81' lang='lat' dir='ltr'><strong>Arithmetico</strong></span> <span class='ocrx_word' id='word_1_116' title='bbox 488 2606 732 2700; x_wconf 56' lang='lat' dir='ltr'><strong>muitarum,</strong></span> <span class='ocrx_word' id='word_1_117' title='bbox 758 2606 990 2679; x_wconf 84' lang='lat' dir='ltr'><strong>theoremata</strong></span> <span class='ocrx_word' id='word_1_118' title='bbox 1005 2606 1086 2702; x_wconf 90' lang='lat' dir='ltr'><strong>ipsa</strong></span> <span class='ocrx_word' id='word_1_119' title='bbox 1102 2604 1206 2677; x_wconf 83' lang='lat' dir='ltr'><strong>salsa.</strong></span> 
     </span>
     <span class='ocr_line' id='line_1_21' title="bbox 162 2717 1206 2816; baseline -0.002 -25"><span class='ocrx_word' id='word_1_120' title='bbox 162 2719 185 2792; x_wconf 91' lang='lat' dir='ltr'>J</span> <span class='ocrx_word' id='word_1_121' title='bbox 187 2719 296 2792; x_wconf 88' lang='lat' dir='ltr'><strong>udica</strong></span> <span class='ocrx_word' id='word_1_122' title='bbox 309 2743 410 2814; x_wconf 88' lang='lat' dir='ltr'><strong>ergo,</strong></span> <span class='ocrx_word' id='word_1_123' title='bbox 428 2720 505 2816; x_wconf 90' lang='lat' dir='ltr'><strong>ipse</strong></span> <span class='ocrx_word' id='word_1_124' title='bbox 522 2719 708 2791; x_wconf 87' lang='lat' dir='ltr'><strong>Wallisius</strong></span> <span class='ocrx_word' id='word_1_125' title='bbox 732 2730 770 2792; x_wconf 94' lang='lat' dir='ltr'><strong>et</strong></span> <span class='ocrx_word' id='word_1_126' title='bbox 788 2718 966 2791; x_wconf 86' lang='lat' dir='ltr'><strong>doctrinae</strong></span> <span class='ocrx_word' id='word_1_127' title='bbox 982 2717 1206 2791; x_wconf 86' lang='lat' dir='ltr'><strong>Wallisianae</strong></span> 
     </span>
     <span class='ocr_line' id='line_1_22' title="bbox 164 2831 1206 2928; baseline -0.001 -24"><span class='ocrx_word' id='word_1_128' title='bbox 164 2835 463 2928; x_wconf 90' lang='lat' dir='ltr'><strong>comprobatores</strong></span> <span class='ocrx_word' id='word_1_129' title='bbox 481 2844 519 2910; x_wconf 90' lang='lat' dir='ltr'><strong>et</strong></span> <span class='ocrx_word' id='word_1_130' title='bbox 535 2832 781 2918; x_wconf 86' lang='lat' dir='ltr'><strong>encomiastae‚</strong></span> <span class='ocrx_word' id='word_1_131' title='bbox 800 2833 924 2928; x_wconf 89' lang='lat' dir='ltr'><strong>quales</strong></span> <span class='ocrx_word' id='word_1_132' title='bbox 956 2841 1041 2904; x_wconf 93' lang='lat' dir='ltr'><strong>sunt</strong></span> <span class='ocrx_word' id='word_1_133' title='bbox 1064 2831 1206 2904; x_wconf 89' lang='lat' dir='ltr'><strong>mathe-</strong></span> 
     </span>
     <span class='ocr_line' id='line_1_23' title="bbox 163 2944 1206 3041; baseline -0.003 -23"><span class='ocrx_word' id='word_1_134' title='bbox 163 2946 301 3018; x_wconf 89' lang='lat' dir='ltr'><strong>matici.</strong></span> <span class='ocrx_word' id='word_1_135' title='bbox 354 2946 492 3040; x_wconf 82' lang='lat' dir='ltr'><strong>Legisti</strong></span> <span class='ocrx_word' id='word_1_136' title='bbox 522 2946 635 3018; x_wconf 89' lang='lat' dir='ltr'><strong>etiam</strong></span> <span class='ocrx_word' id='word_1_137' title='bbox 663 2944 865 3017; x_wconf 81' lang='lat' dir='ltr'><strong>Elenchum</strong></span> <span class='ocrx_word' id='word_1_138' title='bbox 892 2947 983 3041; x_wconf 87' lang='lat' dir='ltr'><strong>ejus,</strong></span> <span class='ocrx_word' id='word_1_139' title='bbox 1015 2956 1054 3016; x_wconf 92' lang='lat' dir='ltr'><strong>et</strong></span> <span class='ocrx_word' id='word_1_140' title='bbox 1081 2944 1206 3017; x_wconf 89' lang='lat' dir='ltr'><strong>vidisti</strong></span> 
     </span>
     <span class='ocr_line' id='line_1_24' title="bbox 164 3056 1205 3153; baseline -0.003 -23"><span class='ocrx_word' id='word_1_141' title='bbox 164 3082 273 3153; x_wconf 93' lang='lat' dir='ltr'><strong>quam</strong></span> <span class='ocrx_word' id='word_1_142' title='bbox 293 3059 342 3130; x_wconf 89' lang='lat' dir='ltr'><strong>sit</strong></span> <span class='ocrx_word' id='word_1_143' title='bbox 359 3059 517 3132; x_wconf 90' lang='lat' dir='ltr'><strong>refertus</strong></span> <span class='ocrx_word' id='word_1_144' title='bbox 535 3058 705 3131; x_wconf 90' lang='lat' dir='ltr'><strong>convitiis</strong></span> <span class='ocrx_word' id='word_1_145' title='bbox 722 3058 927 3131; x_wconf 90' lang='lat' dir='ltr'><strong>rusticanis.</strong></span> <span class='ocrx_word' id='word_1_146' title='bbox 968 3058 989 3130; x_wconf 92' lang='lat' dir='ltr'>J</span> <span class='ocrx_word' id='word_1_147' title='bbox 993 3056 1101 3129; x_wconf 90' lang='lat' dir='ltr'><strong>udica</strong></span> <span class='ocrx_word' id='word_1_148' title='bbox 1118 3080 1205 3151; x_wconf 90' lang='lat' dir='ltr'><strong>ergo</strong></span> 
     </span>
     <span class='ocr_line' id='line_1_25' title="bbox 166 3170 1207 3266; baseline -0.002 -23"><span class='ocrx_word' id='word_1_149' title='bbox 166 3195 276 3266; x_wconf 91' lang='lat' dir='ltr'><strong>quam</strong></span> <span class='ocrx_word' id='word_1_150' title='bbox 289 3172 495 3244; x_wconf 90' lang='lat' dir='ltr'><strong>necessaria</strong></span> <span class='ocrx_word' id='word_1_151' title='bbox 512 3171 675 3244; x_wconf 88' lang='lat' dir='ltr'><strong>conditio</strong></span> <span class='ocrx_word' id='word_1_152' title='bbox 694 3171 743 3244; x_wconf 87' lang='lat' dir='ltr'><strong>sit</strong></span> <span class='ocrx_word' id='word_1_153' title='bbox 759 3170 806 3243; x_wconf 92' lang='lat' dir='ltr'><strong>ad</strong></span> <span class='ocrx_word' id='word_1_154' title='bbox 823 3171 1020 3264; x_wconf 82' lang='lat' dir='ltr'><strong>theologiae</strong></span> <span class='ocrx_word' id='word_1_155' title='bbox 1038 3170 1207 3242; x_wconf 88' lang='lat' dir='ltr'><strong>doctora-</strong></span> 
     </span>
     <span class='ocr_line' id='line_1_26' title="bbox 167 3280 1207 3379; baseline -0.002 -25"><span class='ocrx_word' id='word_1_156' title='bbox 167 3297 258 3372; x_wconf 91' lang='lat' dir='ltr'><strong>tum,</strong></span> <span class='ocrx_word' id='word_1_157' title='bbox 276 3294 317 3356; x_wconf 92' lang='lat' dir='ltr'><strong>ut</strong></span> <span class='ocrx_word' id='word_1_158' title='bbox 334 3284 414 3379; x_wconf 91' lang='lat' dir='ltr'><strong>quis</strong></span> <span class='ocrx_word' id='word_1_159' title='bbox 432 3283 482 3354; x_wconf 92' lang='lat' dir='ltr'><strong>sit</strong></span> <span class='ocrx_word' id='word_1_160' title='bbox 498 3283 554 3354; x_wconf 93' lang='lat' dir='ltr'><strong>vir</strong></span> <span class='ocrx_word' id='word_1_161' title='bbox 570 3283 702 3354; x_wconf 92' lang='lat' dir='ltr'><strong>bonus.</strong></span> <span class='ocrx_word' id='word_1_162' title='bbox 738 3282 994 3355; x_wconf 89' lang='lat' dir='ltr'><strong>Convitiorum</strong></span> <span class='ocrx_word' id='word_1_163' title='bbox 1009 3305 1119 3352; x_wconf 87' lang='lat' dir='ltr'><strong>causa</strong></span> <span class='ocrx_word' id='word_1_164' title='bbox 1136 3280 1207 3352; x_wconf 84' lang='lat' dir='ltr'><strong>fuit</strong></span> 
     </span>
     <span class='ocr_line' id='line_1_27' title="bbox 168 3392 1207 3492; baseline -0.004 -25"><span class='ocrx_word' id='word_1_165' title='bbox 168 3397 233 3469; x_wconf 91' lang='lat' dir='ltr'><strong>ira.</strong></span> <span class='ocrx_word' id='word_1_166' title='bbox 286 3396 359 3469; x_wconf 88' lang='lat' dir='ltr'><strong>Sed</strong></span> <span class='ocrx_word' id='word_1_167' title='bbox 371 3421 453 3492; x_wconf 91' lang='lat' dir='ltr'><strong>quae</strong></span> <span class='ocrx_word' id='word_1_168' title='bbox 471 3419 581 3468; x_wconf 88' lang='lat' dir='ltr'><strong>causa</strong></span> <span class='ocrx_word' id='word_1_169' title='bbox 598 3396 687 3467; x_wconf 82' lang='lat' dir='ltr'><strong>irae?</strong></span> <span class='ocrx_word' id='word_1_170' title='bbox 741 3395 894 3491; x_wconf 88' lang='lat' dir='ltr'><strong>Nempe,</strong></span> <span class='ocrx_word' id='word_1_171' title='bbox 905 3394 1072 3467; x_wconf 89' lang='lat' dir='ltr'><strong>homines</strong></span> <span class='ocrx_word' id='word_1_172' title='bbox 1090 3392 1207 3464; x_wconf 92' lang='lat' dir='ltr'><strong>ambi-</strong></span> 
     </span>
     <span class='ocr_line' id='line_1_28' title="bbox 167 3505 1205 3605; baseline -0.004 -24"><span class='ocrx_word' id='word_1_173' title='bbox 167 3509 252 3581; x_wconf 92' lang='lat' dir='ltr'><strong>tiosi</strong></span> <span class='ocrx_word' id='word_1_174' title='bbox 271 3509 467 3605; x_wconf 90' lang='lat' dir='ltr'><strong>cupidiqne</strong></span> <span class='ocrx_word' id='word_1_175' title='bbox 478 3508 668 3603; x_wconf 90' lang='lat' dir='ltr'><strong>regnandi,</strong></span> <span class='ocrx_word' id='word_1_176' title='bbox 688 3531 761 3580; x_wconf 94' lang='lat' dir='ltr'><strong>non</strong></span> <span class='ocrx_word' id='word_1_177' title='bbox 772 3507 883 3579; x_wconf 93' lang='lat' dir='ltr'><strong>modo</strong></span> <span class='ocrx_word' id='word_1_178' title='bbox 897 3507 935 3579; x_wconf 91' lang='lat' dir='ltr'><strong>in</strong></span> <span class='ocrx_word' id='word_1_179' title='bbox 947 3505 1028 3578; x_wconf 90' lang='lat' dir='ltr'><strong>foro</strong></span> <span class='ocrx_word' id='word_1_180' title='bbox 1042 3517 1205 3592; x_wconf 81' lang='lat' dir='ltr'><strong>externo,</strong></span> 
     </span>
     <span class='ocr_line' id='line_1_29' title="bbox 167 3619 1206 3714; baseline -0.005 -20"><span class='ocrx_word' id='word_1_181' title='bbox 167 3621 356 3695; x_wconf 89' lang='lat' dir='ltr'><strong>sedetiam</strong></span> <span class='ocrx_word' id='word_1_182' title='bbox 375 3622 413 3695; x_wconf 96' lang='lat' dir='ltr'><strong>in</strong></span> <span class='ocrx_word' id='word_1_183' title='bbox 431 3622 588 3708; x_wconf 91' lang='lat' dir='ltr'><strong>interno,</strong></span> <span class='ocrx_word' id='word_1_184' title='bbox 606 3620 654 3692; x_wconf 91' lang='lat' dir='ltr'><strong>ad</strong></span> <span class='ocrx_word' id='word_1_185' title='bbox 671 3643 779 3692; x_wconf 89' lang='lat' dir='ltr'><strong>omne</strong></span> <span class='ocrx_word' id='word_1_186' title='bbox 798 3619 938 3691; x_wconf 89' lang='lat' dir='ltr'><strong>dictum</strong></span> <span class='ocrx_word' id='word_1_187' title='bbox 950 3619 1009 3690; x_wconf 86' lang='lat' dir='ltr'><strong>vel</strong></span> <span class='ocrx_word' id='word_1_188' title='bbox 1030 3619 1206 3714; x_wconf 90' lang='lat' dir='ltr'><strong>scriptum</strong></span> 
     </span>
     <span class='ocr_line' id='line_1_30' title="bbox 166 3731 1207 3830; baseline -0.005 -23"><span class='ocrx_word' id='word_1_189' title='bbox 166 3735 267 3830; x_wconf 91' lang='lat' dir='ltr'><strong>quod</strong></span> <span class='ocrx_word' id='word_1_190' title='bbox 284 3735 478 3830; x_wconf 84' lang='lat' dir='ltr'><strong>cupiditati</strong></span> <span class='ocrx_word' id='word_1_191' title='bbox 492 3756 618 3806; x_wconf 89' lang='lat' dir='ltr'><strong>eorum</strong></span> <span class='ocrx_word' id='word_1_192' title='bbox 635 3732 863 3819; x_wconf 87' lang='lat' dir='ltr'><strong>adversatur,</strong></span> <span class='ocrx_word' id='word_1_193' title='bbox 881 3732 980 3803; x_wconf 87' lang='lat' dir='ltr'><strong>illico</strong></span> <span class='ocrx_word' id='word_1_194' title='bbox 1009 3731 1207 3803; x_wconf 87' lang='lat' dir='ltr'><strong>excandes-</strong></span> 
     </span>
     <span class='ocr_line' id='line_1_31' title="bbox 166 3845 1206 3943; baseline -0.004 -23"><span class='ocrx_word' id='word_1_195' title='bbox 166 3860 281 3933; x_wconf 92' lang='lat' dir='ltr'><strong>cunt;</strong></span> <span class='ocrx_word' id='word_1_196' title='bbox 325 3858 362 3920; x_wconf 89' lang='lat' dir='ltr'><strong>et</strong></span> <span class='ocrx_word' id='word_1_197' title='bbox 399 3847 579 3943; x_wconf 87' lang='lat' dir='ltr'><strong>siqnidem</strong></span> <span class='ocrx_word' id='word_1_198' title='bbox 615 3846 765 3935; x_wconf 88' lang='lat' dir='ltr'><strong>audent,</strong></span> <span class='ocrx_word' id='word_1_199' title='bbox 800 3845 1004 3918; x_wconf 84' lang='lat' dir='ltr'><strong>maledictis</strong></span> <span class='ocrx_word' id='word_1_200' title='bbox 1039 3856 1206 3916; x_wconf 88' lang='lat' dir='ltr'><strong>onerant.</strong></span> 
     </span>
     <span class='ocr_line' id='line_1_32' title="bbox 167 3958 1207 4056; baseline -0.004 -23"><span class='ocrx_word' id='word_1_201' title='bbox 167 3963 288 4035; x_wconf 88' lang='lat' dir='ltr'><strong>Causa</strong></span> <span class='ocrx_word' id='word_1_202' title='bbox 299 3974 424 4034; x_wconf 87' lang='lat' dir='ltr'><strong>autem</strong></span> <span class='ocrx_word' id='word_1_203' title='bbox 443 3963 661 4056; x_wconf 86' lang='lat' dir='ltr'><strong>ignorantiae</strong></span> <span class='ocrx_word' id='word_1_204' title='bbox 679 3973 747 4049; x_wconf 90' lang='lat' dir='ltr'><strong>est,</strong></span> <span class='ocrx_word' id='word_1_205' title='bbox 766 3959 900 4055; x_wconf 88' lang='lat' dir='ltr'><strong>partim</strong></span> <span class='ocrx_word' id='word_1_206' title='bbox 918 3959 1018 4054; x_wconf 92' lang='lat' dir='ltr'><strong>quod</strong></span> <span class='ocrx_word' id='word_1_207' title='bbox 1036 3958 1207 4030; x_wconf 88' lang='lat' dir='ltr'><strong>scientias</strong></span> 
     </span>
     <span class='ocr_line' id='line_1_33' title="bbox 166 4070 1207 4170; baseline -0.006 -23"><span class='ocrx_word' id='word_1_208' title='bbox 166 4098 242 4147; x_wconf 94' lang='lat' dir='ltr'><strong>non</strong></span> <span class='ocrx_word' id='word_1_209' title='bbox 260 4077 423 4170; x_wconf 91' lang='lat' dir='ltr'><strong>ipsarum</strong></span> <span class='ocrx_word' id='word_1_210' title='bbox 438 4098 575 4162; x_wconf 91' lang='lat' dir='ltr'><strong>amore,</strong></span> <span class='ocrx_word' id='word_1_211' title='bbox 593 4073 658 4146; x_wconf 89' lang='lat' dir='ltr'><strong>sed</strong></span> <span class='ocrx_word' id='word_1_212' title='bbox 676 4074 894 4146; x_wconf 87' lang='lat' dir='ltr'><strong>lucricausa</strong></span> <span class='ocrx_word' id='word_1_213' title='bbox 916 4072 1064 4158; x_wconf 88' lang='lat' dir='ltr'><strong>adeunt,</strong></span> <span class='ocrx_word' id='word_1_214' title='bbox 1083 4083 1124 4142; x_wconf 93' lang='lat' dir='ltr'><strong>ut</strong></span> <span class='ocrx_word' id='word_1_215' title='bbox 1143 4070 1207 4143; x_wconf 87' lang='lat' dir='ltr'><strong>sti-</strong></span> 
     </span>
     <span class='ocr_line' id='line_1_34' title="bbox 167 4185 1208 4282; baseline -0.005 -23"><span class='ocrx_word' id='word_1_216' title='bbox 167 4188 302 4282; x_wconf 88' lang='lat' dir='ltr'><strong>pendia</strong></span> <span class='ocrx_word' id='word_1_217' title='bbox 328 4199 563 4271; x_wconf 89' lang='lat' dir='ltr'><strong>mereantur;</strong></span> <span class='ocrx_word' id='word_1_218' title='bbox 590 4188 747 4260; x_wconf 86' lang='lat' dir='ltr'><strong>maxime</strong></span> <span class='ocrx_word' id='word_1_219' title='bbox 771 4211 858 4259; x_wconf 90' lang='lat' dir='ltr'><strong>vero</strong></span> <span class='ocrx_word' id='word_1_220' title='bbox 890 4187 988 4282; x_wconf 92' lang='lat' dir='ltr'><strong>quod</strong></span> <span class='ocrx_word' id='word_1_221' title='bbox 1016 4185 1208 4257; x_wconf 89' lang='lat' dir='ltr'><strong>scientiam</strong></span> 
     </span>
    </p>
   </div>
   <div class='ocr_carea' id='block_1_3' title="bbox 380 4371 1094 4527">
    <p class='ocr_par' dir='ltr' id='par_1_11' title="bbox 380 4371 1094 4527">
     <span class='ocr_line' id='line_1_35' title="bbox 380 4371 1001 4444; baseline -0.003 -14"><span class='ocrx_word' id='word_1_222' title='bbox 380 4373 398 4407; x_wconf 69' lang='lat'><em>⁶</em></span> <span class='ocrx_word' id='word_1_223' title='bbox 415 4372 464 4430; x_wconf 87' lang='lat' dir='ltr'><strong>Sic</strong></span> <span class='ocrx_word' id='word_1_224' title='bbox 479 4372 556 4429; x_wconf 85' lang='lat' dir='ltr'><strong>Edit.</strong></span> <span class='ocrx_word' id='word_1_225' title='bbox 577 4375 661 4430; x_wconf 83' lang='grc'><strong>1688.</strong></span> <span class='ocrx_word' id='word_1_226' title='bbox 706 4371 818 4444; x_wconf 74' lang='lat' dir='ltr'><strong>Quare,</strong></span> <span class='ocrx_word' id='word_1_227' title='bbox 836 4372 1001 4430; x_wconf 78' lang='lat' dir='ltr'><strong>“infinita&#39;&#39;</strong></span> 
     </span>
     <span class='ocr_line' id='line_1_36' title="bbox 1037 4477 1094 4527; baseline 0 -7"><span class='ocrx_word' id='word_1_228' title='bbox 1037 4477 1062 4527; x_wconf 93' lang='grc' dir='ltr'><strong>Ο</strong></span> <span class='ocrx_word' id='word_1_229' title='bbox 1080 4479 1094 4520; x_wconf 77' lang='lat'><em>2</em></span> 
     </span>
    </p>
   </div>
   <div class='ocr_carea' id='block_1_4' title="bbox 0 0 1483 5010">
    <p class='ocr_par' dir='ltr' id='par_1_12' title="bbox 0 0 1483 5010">
     <span class='ocr_line' id='line_1_37' title="bbox 0 0 1483 5010; baseline 0 0"><span class='ocrx_word' id='word_1_230' title='bbox 0 0 1483 5010; x_wconf 95' lang='lat' dir='ltr'><strong> </strong></span> 
     </span>
    </p>
   </div>
  </div>
 </body>
</html>
