2946 5010
280 408 353 474 248
599 421 652 473 nu
673 421 843 474 narona
862 421 999 474 numa.

281 598 404 662 autem
424 587 519 661 lanae
544 613 774 686 compressae,
793 591 851 663 vel
876 590 1021 663 laminae
1049 588 1245 684 chalybeae,
1264 589 1326 662 vel

281 699 395 773 atomi
421 723 539 773 aereae
569 703 811 775 restitutionis
842 726 991 774 causam
1019 702 1179 774 afferunt
1207 701 1326 797 philo·

281 812 387 908 sophi
404 814 518 885 vestri
536 815 859 910 experimentariil
901 814 968 887 Vel
987 827 1028 887 tu
1047 839 1157 910 quam
1174 839 1325 888 causam

281 926 390 997 affers
417 926 663 1016 verisimilem,
693 940 846 1024 propter
879 952 988 1024 quam
1017 927 1159 1000 balistae
1188 927 1326 1000 lamina

281 1039 458 1135 chalybea
476 1054 689 1114 consuetam
707 1041 964 1115 rectitudinem
982 1052 1058 1113 tam
1076 1042 1151 1114 cito
1167 1040 1324 1138 recipit?

331 1151 379 1224 B.
407 1152 562 1226 Causam
596 1157 673 1251 ejus
711 1156 764 1229 rei
795 1155 1037 1229 certissimam
1071 1179 1146 1227 non
1176 1179 1326 1252 possum

282 1265 417 1339 dicere.
471 1267 582 1341 Quod
605 1268 643 1340 in
668 1292 780 1342 causa
807 1292 881 1341 non
912 1268 959 1340 sit
985 1267 1141 1340 remotio
1170 1268 1326 1363 impedi-

282 1380 410 1467 menti,
429 1393 529 1453 ccrte
552 1381 650 1465 scio;
678 1382 764 1476 quia
794 1405 905 1454 cansa
934 1396 1055 1454 motus
1085 1381 1203 1453 omnis
1235 1405 1326 1454 con-

283 1492 380 1565 sistit
423 1492 460 1564 in
504 1495 651 1567 actione
689 1495 810 1591 aliqua
840 1495 878 1567 in
920 1518 1052 1589 corpus
1090 1492 1325 1567 movendum.

284 1607 436 1695 Rursus,
454 1618 597 1682 remoto
625 1609 885 1703 impedimento
914 1632 988 1681 non
1016 1606 1125 1681 oredo
1151 1607 1327 1681 laminam

283 1720 424 1792 resilire
450 1721 643 1818 impulsam
661 1724 707 1795 ab
734 1722 917 1794 ambiente
942 1745 1039 1809 aere,
1057 1744 1176 1816 neque
1194 1745 1216 1792 a
1233 1745 1327 1816 pon-

285 1831 372 1907 dere
402 1833 477 1906 ullo
506 1835 783 1931 atmosphaerae;
817 1859 901 1907 cum
936 1858 999 1907 aer
1032 1834 1094 1906 ille
1132 1834 1327 1929 contiguus

286 1949 478 2043 comprimi
512 1974 535 2021 a
565 1950 733 2022 tensione
766 1949 908 2022 balistae
941 1973 1015 2021 non
1050 1949 1190 2044 possit3
1227 1959 1264 2019 et
1295 1949 1328 2021 si

285 2074 421 2158 posset,
457 2063 568 2137 etiam
602 2063 738 2136 lamina
780 2062 952 2159 plumbea
985 2060 1082 2134 idem
1125 2071 1326 2156 pateretur.

285 2175 397 2248 Porro
425 2176 524 2271 quod
551 2176 689 2250 lamina
719 2176 782 2248 illa
810 2188 999 2248 moveatur
1027 2185 1158 2270 sponte
1182 2197 1259 2262 sua,
1286 2174 1328 2246 id

285 2299 354 2377 est,
373 2298 413 2360 ut
430 2287 510 2384 ipsa
527 2288 582 2361 sui
600 2289 713 2383 ipsius
738 2299 857 2361 motus
874 2288 923 2360 sit
939 2286 1172 2382 principium,
1190 2286 1328 2382 impos-

285 2401 389 2474 sibile
424 2414 503 2486 est;
535 2415 572 2475 et
605 2426 651 2475 ne
685 2427 708 2475 a
741 2402 877 2475 nostris
907 2400 1054 2497 quidem
1089 2399 1326 2475 concedetur.

287 2515 387 2588 Quid
405 2540 493 2610 ergo
517 2527 641 2603 restat,
665 2514 734 2588 nisi
760 2527 801 2588 ut
828 2528 981 2587 conatus
1009 2513 1069 2585 ille
1100 2512 1147 2585 ad
1175 2512 1327 2585 rectitu-

286 2627 409 2699 dinem
453 2630 501 2700 sit
540 2629 617 2724 ipsc
654 2652 760 2701 verus
803 2642 924 2701 motus
957 2628 1095 2715 localis,
1131 2626 1195 2699 sed
1229 2627 1328 2700 intra

286 2742 444 2835 spatium
467 2741 767 2836 imperceptibile‚
786 2742 1034 2814 velocissimus
1051 2754 1186 2829 tamen,
1205 2741 1327 2836 utqui

283 2853 550 2926 velocissimum
569 2867 710 2926 motum
726 2853 921 2948 procreat?

336 2967 384 3038 A.
413 2967 527 3041 Recte
555 2968 726 3063 loqueriS,
753 2979 790 3040 et
813 2968 1002 3039 theorema
1033 2966 1198 3039 mirabile
1225 2965 1326 3037 facili

285 3081 473 3169 methodo,
492 3094 534 3154 ut
552 3081 809 3176 philosophum
838 3080 954 3169 decet,
984 3080 1144 3176 perfecte
1174 3078 1324 3151 demon-

285 3195 419 3266 strasti.
474 3196 608 3269 Quaero
623 3208 746 3266 autem
765 3195 802 3264 in
822 3218 973 3289 corpore
992 3193 1087 3288 quod
1105 3203 1258 3265 conatur
1276 3191 1325 3262 ad

283 3307 339 3378 sui
358 3307 637 3395 restitutionem,
656 3308 773 3402 qualis
791 3308 836 3378 sit
853 3307 1012 3402 partium
1028 3304 1173 3377 motus?

337 3421 385 3492 B.
413 3422 538 3492 Motus
556 3421 616 3493 ille
645 3434 767 3492 rectus
796 3444 873 3492 esse
901 3444 974 3490 non
1007 3430 1152 3513 potest;
1180 3415 1265 3511 quia
1293 3416 1324 3487 si

283 3545 406 3605 rectus
426 3547 533 3620 esset,
553 3547 671 3605 totum
699 3557 843 3627 corpus,
861 3532 975 3621 (verbi
993 3532 1127 3625 gratia)
1156 3532 1234 3625 ipsa
1259 3531 1324 3602 ba-

284 3646 369 3718 lista
386 3672 429 3718 eo
448 3660 549 3717 motu
569 3648 856 3742 absportarctur,
876 3670 919 3715 eo
937 3645 1046 3715 modo
1071 3668 1143 3738 quo
1171 3644 1324 3737 abspor-

282 3760 352 3832 tari
371 3760 464 3832 solet
482 3760 606 3831 telum.
660 3760 818 3830 Necesse
837 3781 924 3851 crgo
951 3768 1005 3827 est
1023 3768 1063 3827 ut
1081 3767 1235 3827 conatus
1262 3756 1324 3827 ille

283 3876 329 3945 sit
348 3874 547 3961 circularis,
567 3873 659 3960 talis,
676 3886 717 3943 ut
731 3895 837 3943 omne
852 3872 1015 3966 corporis
1034 3895 1072 3942 se
1096 3871 1323 3942 restituentis

283 4000 460 4082 punctum
475 3986 586 4058 faciat
604 3985 803 4056 circellum.

335 4101 383 4172 Α.
411 4100 453 4171 Id
471 4124 557 4170 vero
577 4123 724 4170 necesse
743 4123 816 4168 non
835 4107 912 4178 est;
941 4097 1005 4168 sed
1022 4109 1065 4169 ut
1089 4108 1209 4167 motus
1238 4096 1322 4166 talis

284 4214 343 4298 sit,
359 4228 401 4284 ut
418 4239 460 4285 eo
480 4214 518 4285 id
536 4212 636 4307 quod
654 4224 821 4283 movetur
848 4211 975 4283 redeat
999 4212 1046 4283 ad
1071 4210 1193 4281 locum
1225 4208 1323 4279 unde

284 4328 422 4399 moveri
452 4327 578 4421 coepit,
607 4326 644 4397 id
668 4326 833 4421 profecto
853 4325 1100 4400 necessarium
1126 4337 1194 4396 est.
1248 4323 1322 4395 Sed
