2946 5010
398 404 676 459 Paounnmnut
695 405 887 458 onumen.
1090 393 1159 466 all

176 572 226 646 B.
253 574 297 647 In
315 572 509 648 reddendis
533 573 651 648 causis
668 574 896 647 naturalibus
923 574 1020 647 ultra
1039 572 1164 647 verisi-
1224 599 1291 639 cin.
1307 599 1326 638 1.

125 685 211 759 mile
228 685 282 758 ire
304 686 511 760 hominibus
537 710 612 760 non
636 686 861 760 conceditur.
912 686 1163 760 Veruntamen
1191 669 1348 786 ,ff

126 798 278 873 meliora
294 799 373 873 haec
391 811 488 886 sunt,
502 824 611 896 quam
628 811 671 872 ut
684 811 748 873 aut
761 823 908 873 causam
919 799 1165 873 descensionis

126 913 294 1009 gravium
327 912 491 986 dicamus
522 937 599 986 esse
634 913 865 1009 gravitatem,
895 914 961 987 ubi
990 914 1166 1010 quaeritur

128 1049 239 1100 causa
264 1027 480 1123 gravitatis:
506 1038 571 1100 aut
598 1026 697 1121 quod
723 1027 851 1122 gravia
876 1050 899 1100 a
927 1041 1026 1100 terra
1052 1038 1166 1100 attra-

127 1139 276 1228 huntur,
287 1164 371 1213 cum
385 1140 563 1236 quaeritur
577 1139 761 1236 quomodo
773 1140 1021 1230 attrahuntur,
1036 1139 1168 1236 quibus

127 1252 301 1325 nimirum
317 1254 435 1341 uncis,
455 1252 587 1349 quibus
604 1252 764 1326 funibus.

178 1363 224 1437 A.
250 1364 391 1437 Vellem
410 1365 520 1438 etiam
537 1365 608 1437 hoc
625 1366 731 1454 scire,
745 1389 811 1437 cur
828 1376 926 1438 terra
938 1364 1080 1439 facilius
1097 1364 1167 1438 hoc

129 1488 232 1550 motu
249 1502 372 1551 aerem
389 1479 509 1574 rejicit
526 1502 635 1574 quam
653 1478 724 1551 alia
740 1502 906 1575 corpora.
933 1544 936 1549 .

181 1590 230 1663 Β.
257 1590 393 1664 Globus
415 1592 557 1664 telluris
584 1603 684 1664 totus
702 1616 786 1664 cum
812 1591 859 1664 sit
881 1590 957 1664 aeri
980 1590 1168 1687 undequa-

130 1727 202 1800 que
232 1703 442 1799 contiguus,
472 1705 563 1777 nihil
607 1704 758 1801 rejicere
792 1727 876 1778 aere
905 1704 1006 1800 prius
1034 1714 1167 1800 potest.

130 1815 304 1911 Rejectus
339 1817 445 1890 simul
480 1840 602 1889 aerem
633 1817 841 1912 proximum
874 1815 1016 1889 facilius
1044 1826 1167 1889 movet

130 1952 240 2025 quam
256 1928 357 2002 aliud
374 1953 519 2025 corpus,
538 1929 790 2025 qualecunque
814 1928 904 2002 illud
922 1929 960 2001 iu
983 1951 1068 2000 aere
1090 1952 1168 2001 esse

131 2041 348 2137 contigerit:
375 2055 571 2138 propterea
589 2041 687 2137 quod
705 2041 837 2114 similia
854 2065 1011 2137 corpora
1033 2042 1169 2114 similes

131 2164 252 2226 motus
266 2153 437 2227 facillime
455 2155 660 2250 recipiunt:
679 2154 985 2249 quemadmodum
1003 2153 1169 2228 accidere

131 2266 296 2340 videmus
313 2268 349 2339 in
364 2267 511 2340 chordis
524 2268 678 2339 duarum
695 2267 856 2364 lyramm
866 2268 1034 2340 similiter
1044 2268 1169 2356 tensio,

132 2378 195 2451 ubi
228 2379 373 2473 pulsata
402 2403 486 2467 una,
516 2380 724 2452 concutitur
754 2381 826 2453 alia
856 2379 1023 2452 similiter
1052 2392 1169 2469 tensa,

132 2492 201 2564 etsi
229 2514 303 2564 non
333 2492 510 2587 proxima.
562 2492 701 2565 Praeter
728 2516 849 2565 aerem
873 2503 1009 2580 autem,
1038 2515 1171 2588 corpus

132 2604 272 2677 nullum
287 2618 343 2676 est
360 2603 459 2700 qnod
472 2616 613 2678 motum
630 2629 705 2678 nou
714 2605 849 2678 habeat
866 2604 1034 2700 aliquem,
1047 2628 1172 2700 quam-

132 2741 241 2812 quam
264 2716 494 2806 invisibilem,
518 2718 679 2813 partium
707 2741 856 2791 suarum
882 2718 1080 2807 internum,
1098 2743 1172 2814 quo

132 2841 264 2903 natura
281 2831 359 2925 ejus
377 2829 451 2903 sive
475 2832 615 2926 species
643 2831 689 2904 ab
718 2831 882 2905 omnium
909 2830 1064 2914 oliorum
1089 2855 1172 2905 cor-

132 2965 262 3038 porum
280 2943 422 3014 naturis
439 2954 477 3014 et
491 2942 680 3040 speciebus
699 2943 937 3040 distinguitur
960 2954 998 3017 et
1023 2944 1172 3040 dignos-

135 3055 244 3128 citur.
372 3142 377 3151 ι

182 3166 230 3240 A.
257 3167 350 3243 Quae
364 3190 474 3239 causa
491 3178 546 3240 est
566 3168 665 3263 quod
678 3169 806 3265 gravia
822 3168 990 3265 quaedam
1004 3193 1171 3265 corpora,

132 3293 176 3353 ut
192 3280 325 3376 lignea,
352 3277 417 3352 sed
435 3303 525 3352 cava
542 3292 580 3352 et
597 3280 737 3375 repleta
763 3279 912 3376 pulvere
944 3281 1082 3353 nitrato
1109 3281 1171 3354 ali-

134 3393 349 3489 quantulum
366 3393 577 3465 humectato
595 3421 603 3463 :
631 3416 851 3488 quamquam
868 3393 1021 3487 lignum,
1039 3405 1077 3465 et
1093 3394 1171 3490 pul·

134 3507 189 3579 vis
215 3505 288 3595 ille,
312 3518 349 3578 et
376 3507 520 3593 humor,
547 3507 669 3579 omnia
695 3512 769 3579 sint
795 3507 941 3602 gravia:
968 3507 1173 3580 ascendunt

135 3630 258 3691 tamen
276 3618 382 3690 simul
400 3630 509 3714 atque
525 3618 644 3714 pulvis
658 3642 833 3691 accensus
851 3618 923 3692 sit?

184 3733 232 3803 B.
261 3732 401 3805 Eadem
419 3756 500 3828 quae
518 3743 703 3804 sustentat
725 3733 909 3805 hominem
928 3742 1117 3805 natantem
1134 3733 1173 3805 iu

134 3845 295 3917 flumine.
349 3846 445 3918 Nam
468 3845 579 3917 homo
598 3855 777 3918 sustentat
801 3869 851 3935 se,
870 3869 1001 3941 aquam
1019 3845 1173 3940 pedibus

134 3957 357 4053 repellendo.
409 3958 530 4053 ignita
558 3981 597 4030 se
626 3959 785 4032 allevant
815 3957 1023 4055 repellendo
1051 3980 1172 4030 aerem

135 4072 294 4144 flamma.

185 4186 233 4256 Α.
259 4184 333 4257 Vas
351 4207 505 4271 aeneum,
524 4182 580 4255 vel
609 4208 653 4257 ex
678 4184 749 4257 alia
766 4183 919 4257 materia
935 4185 1051 4279 gravi,
1069 4196 1174 4258 nata-

134 4296 200 4384 bit,
218 4297 248 4369 si
266 4297 313 4368 sit
330 4319 485 4391 superne
504 4320 676 4370 concava.
730 4297 850 4373 Quam
865 4297 912 4370 ob
930 4297 1098 4369 cansam?

184 4410 232 4480 B.
262 4411 318 4483 Ita
335 4409 494 4505 quidem,
512 4411 541 4483 si
560 4410 607 4483 sit
628 4411 715 4485 satis
738 4433 912 4499 concava,
929 4419 972 4482 ut
995 4420 1172 4505 qnantum
