2946 5010
345 401 660 454 Msrnaunnrcn
681 400 924 453 nomentum.
1121 388 1161 453 ll

122 593 316 669 processus
346 593 474 644 eorum
503 593 647 667 semper
681 570 827 659 desinit,
852 582 896 644 ut
924 570 1168 667 pronuntient
1203 594 1354 638 nameus

121 684 325 782 problema,
342 685 447 780 cujus
472 683 783 756 constructionem
802 694 972 780 quaerunt
997 707 1167 780 peream
1206 657 1353 780 »La

122 797 366 894 geometriam
384 819 467 892 quae
486 821 584 870 nunc
603 809 716 887 extat,
735 821 813 870 esse
831 798 1036 887 insolubile,
1056 811 1168 893 atque

123 911 217 985 adeo
234 935 328 1007 opus
344 934 424 983 esse
450 910 499 983 ad
524 910 838 984 constructionem
854 912 932 1007 ejus
950 911 1168 1008 quibusdam

124 1025 206 1099 aliis
223 1024 342 1114 lineis,
357 1048 441 1120 qnae
459 1023 560 1097 nulla
576 1036 656 1097 arte
673 1034 845 1097 accurate
863 1023 948 1096 duci
964 1036 1130 1120 possunt.

174 1136 221 1210 A.
249 1138 431 1234 Legamus
449 1161 537 1233 crgo
563 1136 926 1210 ulterius—Partim
944 1137 1056 1210 etiam
1073 1137 1175 1233 qnod

125 1255 382 1328 arithnzetices
393 1254 578 1353 pomeria
590 1264 666 1327 tene
678 1254 815 1327 stricta
823 1254 1008 1350 fecerint,
1022 1264 1063 1326 ut
1073 1254 1172 1326 neris

126 1368 300 1458 numeris,
319 1367 563 1441 rationalibus
585 1368 732 1441 scilicet
761 1376 798 1440 et
823 1367 970 1465 quidem
998 1366 1172 1465 integris,

125 1491 379 1556 coerceantur.

177 1595 228 1667 B.
256 1594 444 1669 Praevideo
463 1595 524 1668 hic
542 1593 633 1690 quid
649 1595 938 1691 reprehensurus
955 1617 1007 1667 es.

179 1707 229 1780 Α.
258 1706 386 1782 Quid?

181 1821 229 1892 B.
258 1818 369 1894 Quod
386 1818 655 1893 arithmeticam
673 1822 811 1894 versari
830 1833 937 1918 putet
959 1822 1057 1894 circa
1074 1818 1174 1893 aliud

129 1945 265 2030 prater
277 1955 461 2004 numeros
513 1933 611 2005 Nam
626 1934 689 2029 qui
702 1956 876 2006 numerus
890 1957 998 2007 verus
1011 1957 1086 2006 non
1105 1946 1174 2023 est,

130 2046 281 2119 omnino
299 2068 374 2119 non
394 2057 451 2118 cst
468 2069 654 2119 numerus.

180 2157 228 2232 A.
255 2160 383 2232 Recte.
435 2160 509 2233 Sed
537 2173 575 2233 et
603 2159 695 2232 illud
718 2182 863 2256 quoqne
888 2159 1177 2254 reprehensurus

131 2297 244 2361 eram,
263 2271 363 2368 quod
392 2272 551 2368 explicet
574 2274 637 2368 qui
668 2274 742 2346 sint
759 2296 844 2346 vere
866 2272 1010 2346 numeri
1026 2297 1094 2370 per
1110 2298 1176 2346 ra-

132 2385 293 2459 tionales
327 2395 364 2458 et
394 2386 540 2484 quidem
567 2387 749 2485 integros.
801 2388 897 2460 Nam
925 2410 1099 2460 numerus
1129 2386 1178 2460 ad

130 2522 327 2572 numerum
360 2499 585 2572 irrationalis
619 2522 698 2572 esse
733 2524 809 2572 non
837 2511 972 2596 potest,
1003 2501 1178 2596 quoniam

132 2635 261 2686 omnes
287 2612 439 2685 metitur
467 2614 606 2686 unitas.
659 2614 780 2689 Quem
797 2636 886 2709 ergo
904 2613 965 2687 ille
982 2637 1179 2688 numerum

132 2749 205 2798 non
224 2749 358 2813 cmm,
387 2737 426 2798 et
452 2725 514 2798 alii
541 2725 694 2799 surdum
719 2726 859 2815 dicunt,
879 2727 1064 2822 quantitas
1090 2750 1179 2799 con-

134 2838 239 2911 tinua
255 2851 325 2927 est,
344 2849 382 2910 et
398 2840 574 2935 pertinet,
591 2864 667 2913 non
684 2839 732 2912 ad
748 2840 1030 2929 arithmeticam,
1048 2840 1114 2913 sed
1131 2839 1181 2913 ad

133 2951 388 3047 geometriam.
441 2953 622 3026 Praeterea
648 2977 723 3025 non
749 2967 849 3025 recte
866 2977 889 3025 a
905 2953 1002 3026 veris
1018 2953 1182 3026 numeris

135 3064 332 3159 distinguit
347 3064 558 3138 fractiones,
612 3065 832 3161 Quanquam
846 3065 944 3139 enim
962 3067 1105 3140 soleant
1118 3090 1182 3162 ap-

135 3176 265 3273 pellari
281 3177 426 3250 numeri
442 3178 563 3268 fracti,
574 3202 648 3251 non
664 3190 787 3251 tamen
800 3203 976 3252 numerus
986 3180 1183 3275 frangitur,

137 3289 205 3364 sed
231 3313 290 3362 res
316 3290 355 3362 in
383 3313 506 3364 rerum
533 3315 740 3365 numerum.
792 3293 923 3389 Itaque
951 3293 1033 3366 duae
1061 3292 1183 3366 unciae

137 3425 216 3476 non
242 3402 364 3476 minus
393 3427 568 3476 numerus
591 3427 698 3478 verus
728 3417 796 3491 est,
825 3429 934 3501 quam
966 3406 1039 3479 duo
1069 3429 1183 3479 asses.

141 3514 383 3589 Desideratur
408 3540 496 3613 ergo
523 3517 584 3588 hic
602 3531 730 3613 arpenna
754 3516 828 3607 illa,
848 3542 931 3614 quae
956 3530 1032 3591 tam
1057 3542 1185 3591 neces-

140 3628 237 3702 saria
276 3638 332 3701 est
365 3639 578 3724 geometrae,
619 3653 729 3725 quam
763 3631 969 3727 intelligere
1008 3644 1046 3704 et
1082 3630 1185 3728 loqui

141 3742 272 3816 Latine
289 3742 513 3816 academico.
566 3742 640 3815 Sed
656 3767 835 3838 pergo—
842 3744 892 3817 Ut
909 3768 1046 3841 reapse
1063 3755 1186 3818 osten·

141 3856 228 3929 dam
244 3855 358 3927 etiam
365 3855 848 3953 geometricaproblernata‚
860 3867 1040 3955 quatenns
1053 3858 1188 3932 saltem

141 3994 165 4041 a
195 3967 382 4065 positione
407 3970 485 4042 sice
511 3970 624 4043 locati
646 3969 722 4041 situ
744 3970 1021 4059 abstrahente
1038 3973 1188 4067 princi-

136 4082 218 4179 piis
236 4081 487 4154 arithmeticis
500 4082 561 4155 oei
575 4082 733 4154 manime
747 4083 978 4180 dependere:
992 4084 1189 4181 etquidem

143 4221 185 4267 eo
201 4218 321 4291 usque
337 4193 478 4283 abesse,
497 4206 537 4268 ut
550 4196 605 4268 nd
615 4194 851 4292 problemata
865 4196 943 4268 sine
961 4196 1188 4269 theoremata

142 4333 237 4406 pure
263 4307 502 4382 arithmetica
527 4307 819 4399 statuminando,
838 4310 962 4407 (quod
981 4322 1103 4384 tamen
1120 4335 1191 4384 non
