2946 5010
354 411 668 466 maranusrrcm
688 414 932 468 normann.
1117 400 1164 479 87

182 585 230 663 B.
257 587 407 662 Verum.

179 674 226 774 Α.
252 701 352 799 Ergo
368 702 587 800 principium
605 704 768 780 scientiae
784 717 841 781 est
855 707 1015 803 cognitio
1032 729 1163 782 causae.

182 813 232 886 B.
258 814 392 889 Etiam.

181 927 230 999 Α.
258 927 430 1023 Sequitur
454 954 542 1027 ergo
567 931 812 1027 cognitionem
839 957 959 1007 causae
982 935 1162 1009 contineri

130 1040 265 1113 debere
281 1041 320 1113 in
338 1041 560 1117 definitione.

181 1153 230 1226 B.
258 1155 400 1228 Fateor.

178 1266 230 1340 A.
257 1268 384 1363 ltaque
399 1271 534 1366 optime
548 1270 728 1345 definiunt
739 1272 803 1361 illi,
815 1272 877 1367 qui
889 1274 1163 1369 generationem

127 1381 182 1454 rei
199 1382 239 1454 in
257 1382 466 1456 definitione
484 1383 677 1480 explicant.

180 1493 230 1568 B.
256 1494 376 1568 Etiam
393 1495 464 1568 hoc
481 1495 668 1579 concedo;
696 1506 734 1568 et
758 1496 797 1569 in
813 1496 973 1571 Euclidis
996 1500 1161 1595 sphaerae‚

128 1607 225 1696 coni,
244 1619 282 1681 et
304 1608 460 1704 cylindri
482 1609 767 1698 definitionibus,
797 1611 1051 1706 generationes
1081 1612 1161 1686 illo-

1202 613 1351 657 plemeus

1203 695 1346 800 »ἑὲ-ι

126 1743 211 1792 rum
227 1743 421 1817 corporum
434 1721 555 1813 video,
574 1746 782 1820 quanquam
800 1747 873 1795 non
892 1723 1056 1797 similiter
1074 1725 1161 1798 defi·
1258 1711 1264 1722 ⁹

126 1832 248 1906 nierat
264 1834 452 1908 circulum.

179 1945 228 2018 A.
256 1946 306 2020 At
322 1947 499 2020 circulum
517 1946 673 2020 describi
689 1971 805 2042 posse,
832 1948 894 2043 qui
918 1949 1074 2022 describi
1091 1951 1161 2022 nisi

125 2082 194 2156 per
221 2072 364 2134 motum
391 2084 468 2133 non
496 2071 631 2156 potest,
662 2060 758 2133 inter
791 2060 975 2156 postulata
1007 2076 1050 2135 ut
1083 2087 1160 2136 rem

125 2184 254 2246 notam
271 2174 385 2269 gratis
403 2173 544 2247 sumsit.

176 2287 226 2360 B.
255 2286 393 2361 Saltem
407 2287 528 2360 dicere
545 2286 672 2360 debuit
688 2287 868 2376 Euclides,
884 2288 1065 2383 sphaeram
1082 2312 1160 2361 esse

126 2399 284 2473 solidum
302 2399 407 2497 quale
422 2401 476 2491 fit,
493 2400 615 2497 potius
633 2424 740 2495 quam
759 2401 857 2496 quod
873 2403 928 2489 fit,
946 2425 991 2474 ex
1009 2402 1160 2475 circum-

126 2512 301 2587 ductione
318 2513 547 2589 semicirculi.
591 2513 702 2585 Nulla
719 2515 816 2585 enim
834 2526 891 2587 est
907 2515 1061 2608 sphaera,
1079 2539 1162 2611 quae

124 2649 192 2723 per
209 2626 559 2700 circumductionem
575 2625 674 2698 facta
691 2639 747 2698 est
764 2650 787 2698 a
803 2638 946 2700 natura.

175 2736 222 2812 A.
250 2739 325 2813 Qui
351 2740 487 2835 figuras
515 2738 705 2826 definiunt,
732 2738 832 2811 ideas
862 2763 944 2835 quae
971 2739 1009 2812 in
1039 2741 1161 2815 animo

125 2863 224 2941 sunt,
242 2877 319 2926 non
335 2853 414 2948 ipsa
436 2875 592 2948 corpora
618 2852 841 2947 respiciunt;
869 2866 906 2925 et
933 2877 978 2925 ex
1007 2853 1052 2926 iis
1079 2878 1161 2950 quae

125 2966 374 3064 imaginantur
384 2966 493 3060 fieri,
511 2963 697 3038 deducunt
714 2966 957 3060 proprietates
979 2966 1161 3040 factorum

124 3081 310 3170 similium,
340 3104 364 3153 a
392 3102 610 3176 quocunque
637 3088 675 3150 et
704 3079 1033 3175 quomodocunque
1063 3080 1162 3153 facta

123 3206 221 3269 sunt.

175 3306 342 3381 Vidimus
380 3309 458 3402 jam
491 3303 669 3402 principia
703 3305 913 3399 geometriae
946 3304 1083 3378 tradita
1113 3304 1159 3376 ab

123 3419 298 3494 Euclide:
334 3444 490 3518 quorum
508 3419 630 3516 aliqua
647 3417 805 3513 quidem,
824 3420 888 3494 sed
905 3443 1023 3516 pauca
1039 3417 1159 3490 miuus

123 3547 297 3608 accurata
320 3535 567 3619 mutavimus3
596 3536 738 3631 reliqua
760 3547 802 3608 ut
830 3530 1161 3630 irreprehensibilia

122 3647 259 3743 purtim
275 3646 554 3744 praeterivimus,
572 3650 706 3744 partim
726 3647 1030 3721 confirmavimus.

174 3758 222 3834 B.
248 3762 491 3834 Revertamur
508 3784 596 3857 ergo
616 3760 664 3833 ad
680 3761 896 3847 Wallisium,
920 3770 957 3832 et
979 3756 1077 3830 uude
1104 3755 1159 3827 di-

122 3874 240 3972 gressi
257 3898 395 3963 sumus,
411 3897 542 3969 nempe
559 3875 607 3947 ad
624 3873 744 3969 Caput
757 3873 950 3945 decimum.
1002 3870 1110 3953 Nam,
1129 3869 1160 3941 si

122 3986 216 4061 bene
232 3987 396 4076 memini,
414 4011 557 4061 eramus
574 3987 621 4060 ad
638 3986 943 4083 philologicorum
965 3995 1003 4056 et
1020 3981 1160 4077 Capitis

122 4100 212 4174 noui
228 4102 352 4189 finem,
371 4112 461 4174 tunc
478 4125 562 4173 cum
580 4099 722 4196 digredi
739 4098 950 4193 incepimus.

170 4213 217 4289 A.
244 4214 321 4289 Sed
339 4213 546 4287 differamus
563 4216 641 4288 haec
658 4214 697 4286 in
714 4211 977 4307 triduumque
994 4221 1159 4305 tempore

121 4330 225 4405 lectis
242 4328 489 4405 arithmeticae
506 4329 583 4424 ejus
598 4351 680 4423 quae
693 4335 845 4414 restant,
859 4348 903 4397 ea
919 4333 1062 4397 tantum
1076 4347 1159 4419 quae
