2946 5010
304 383 350 448 52
520 394 789 447 sxuuruarro
809 393 860 446 nr
880 392 1129 446 annuorum

117 586 267 629 armosos
303 560 530 661 inpossibile
546 572 587 636 ut
603 585 772 636 nummus
785 560 965 635 monimus
978 559 1208 658 assignetur.
1245 559 1344 634 Nam

118 668 261 772 „L
302 687 341 751 et
357 676 428 750 boe
445 675 551 772 pueri
565 675 697 749 sciunt.

351 802 401 875 B.
429 801 624 876 Quomodo
643 800 764 874 sciunt
781 799 897 897 pueri,
917 823 1000 872 eum
1017 799 1115 895 ipsos
1131 808 1344 894 geometras

301 915 402 1012 loqui
418 913 572 987 audiant
589 913 634 986 de
652 924 757 986 recta
773 913 889 985 divisa
915 912 953 985 in
974 922 1097 1008 partes
1114 934 1270 984 numero
1287 912 1344 984 in-

300 1029 435 1116 finitas,
462 1040 501 1100 et
526 1026 660 1100 librum
689 1026 815 1122 legant
830 1024 986 1098 Wallisii
1010 1023 1072 1097 De
1094 1023 1355 1098 Arithmetieu

301 1139 545 1236 Irpinitorum,
564 1139 727 1236 amagni
744 1137 903 1212 nominis
919 1136 1130 1234 geometris,
1144 1136 1344 1212 Schotenio

301 1266 340 1326 et
358 1253 543 1349 Hugenio,
560 1251 668 1326 editis
685 1250 848 1349 epistolis
865 1247 1136 1347 approbatum?

352 1366 401 1440 Α.
428 1365 605 1440 Nesciunt
633 1389 721 1461 ergo
751 1364 822 1438 hoc
847 1364 963 1460 pueri.
1014 1361 1157 1436 Deinde
1180 1361 1343 1437 ostendit

302 1478 580 1576 dispositionem
612 1500 838 1552 numerorum
871 1477 910 1549 in
939 1474 1108 1563 decades,
1142 1476 1341 1566 centurias,

301 1601 386 1681 eto,
402 1593 441 1666 in
457 1601 637 1689 perpetua
652 1591 796 1664 ratione
818 1599 832 1663 l
854 1588 902 1663 ad
924 1597 981 1663 10.

354 1705 403 1780 Β.
428 1705 552 1780 Potuit
569 1728 716 1802 quoque
732 1704 804 1778 hoc
820 1702 1012 1800 praeteriri.

353 1818 402 1892 A.
430 1817 502 1891 Sed
525 1816 692 1913 exempla
719 1817 827 1890 affert
851 1815 1115 1890 numerationis
1137 1815 1277 1889 Graecae
1303 1825 1342 1888 et

304 1929 509 2020 Hebraicae,
536 1953 619 2027 quae
644 1930 767 2005 forsan
793 1929 982 2027 praeterire
1012 1953 1052 2003 se
1079 1929 1243 2025 potuisse
1266 1951 1342 2002 non

302 2043 457 2140 putavit,
481 2043 570 2140 quin
598 2042 756 2118 eruditio
787 2044 865 2140 ejus
893 2043 1014 2117 minus
1043 2041 1234 2138 multiplex
1263 2064 1342 2116 esse

301 2156 499 2231 videretur.

354 2270 404 2344 B.
431 2270 517 2344 Non
534 2270 643 2343 modo
660 2269 733 2360 hio,
748 2268 814 2343 sed
831 2267 941 2342 etiam
958 2268 997 2341 in
1010 2267 1177 2365 proxime
1190 2291 1350 2364 sequen·

302 2383 402 2456 tibus
426 2381 597 2479 peritiam
624 2405 727 2455 suam
751 2381 790 2454 in
816 2381 887 2455 hoc
912 2404 1048 2477 genere
1067 2381 1258 2455 literarum
1275 2381 1353 2455 ali-1

303 2507 442 2590 quanto
467 2494 583 2590 magis
605 2494 796 2568 ambitiose
820 2505 992 2583 ostentat,
1016 2518 1126 2590 quam
1156 2507 1213 2568 est
1238 2517 1341 2592 opus.

304 2606 397 2681 Quis
422 2608 539 2681 nescit
557 2608 719 2703 potuisse
744 2608 1038 2682 numerationem
1068 2610 1113 2683 ab
1140 2609 1247 2683 initio
1276 2631 1342 2706 per

304 2719 503 2816 quamlibet
532 2719 641 2792 aliam
658 2720 934 2816 proportionem
950 2719 1042 2806 fieri,
1056 2720 1087 2793 si
1102 2720 1154 2793 ita
1176 2720 1343 2795 libuisset

302 2830 430 2928 primis
459 2831 736 2904 inventoribus?
788 2832 970 2906 Credibile
994 2833 1093 2906 enim
1114 2844 1181 2923 est,
1204 2834 1236 2906 si
1261 2834 1342 2908 nati

301 2943 457 3016 firissent
483 2943 649 3017 homines
673 2943 961 3042 dodecadaotyli‚
982 2946 1082 3042 quod
1103 2970 1342 3021 numerorum

301 3056 508 3154 progressio
530 3056 659 3130 fuisset
679 3057 777 3132 facta
793 3083 859 3154 per
876 3058 1036 3133 rationes
1053 3071 1231 3157 perpetuo
1249 3059 1354 3135 duo.

302 3169 486 3266 decuplae.
536 3169 667 3243 Transi
684 3193 771 3267 ergo
789 3171 837 3244 ad
856 3170 979 3267 Caput
995 3184 1150 3246 sextum.

352 3283 401 3356 A.
432 3283 554 3379 Caput
588 3294 731 3356 sextum
766 3282 987 3374 differamus,
1022 3286 1053 3358 si
1077 3286 1143 3376 vis,
1173 3286 1213 3359 in
1242 3286 1340 3361 diem

301 3395 516 3470 erastinum.
567 3395 664 3469 Nam
681 3395 798 3470 sentio
816 3419 874 3470 me
892 3396 1080 3475 lacessere.

353 3508 401 3583 B.
429 3508 562 3583 Placet.

351 3623 401 3696 A.
428 3621 502 3695 Sed
511 3621 662 3696 unicum
673 3621 744 3695 hoc
754 3622 854 3718 prius
864 3619 1233 3719 legamus—Tamen
1241 3623 1342 3719 quod

300 3736 431 3809 mirum
456 3735 558 3809 dictu
584 3744 654 3825 est,
683 3736 721 3808 in
755 3735 882 3809 euclem
904 3734 1151 3833 proportione
1181 3734 1340 3833 decupla

300 3872 419 3920 omues
436 3846 569 3946 ubique
586 3856 774 3921 terrarum
789 3856 924 3946 gentes
940 3847 1034 3920 mire
1060 3847 1340 3946 suspirant.—

301 3959 402 4034 Quid
418 3960 449 4034 si
466 3960 598 4033 falsum
614 3959 685 4033 hoo
703 3960 750 4033 sit
764 3959 777 4031 l

351 4071 400 4145 B.
427 4073 551 4144 Minus
568 4072 608 4145 id
625 4073 757 4146 mirum
776 4071 858 4144 erit.

350 4182 398 4257 Α.
424 4184 535 4257 Walli
564 4186 680 4260 nostri
707 4198 746 4258 et
776 4184 958 4257 Armorioi
987 4184 1113 4259 Galliae
1141 4207 1259 4281 usque
1294 4185 1339 4260 ad

299 4297 425 4371 decem
453 4297 600 4392 quidem
630 4300 676 4374 ab
700 4298 842 4372 unitate
869 4298 1167 4396 progrediuntur,
1185 4311 1230 4373 ut
1251 4325 1337 4385 nos;
