2946 5010
302 390 376 460 846
583 401 1074 459 raoaanuaraanrsrca

119 598 189 643 aar.
203 600 246 644 vr.
301 572 427 665 idest,
491 574 649 672 angulus
671 574 780 649 ucA
796 572 904 650 valde
925 573 1081 673 exiguus
1111 585 1220 661 esset,
1241 571 1345 647 navis

89 668 293 785 affl,
303 686 415 765 oredo
431 686 573 765 tardius
589 687 663 763 iret
677 688 717 763 in
733 687 835 763 linea
851 687 936 780 CA,
953 711 1064 788 quarn
1080 687 1294 762 lateraliter.

88 792 293 905 md*
351 800 403 877 B.
428 800 585 877 Tardius
611 812 712 877 certe
741 812 848 877 tanto
874 800 959 891 iret,
985 826 1058 901 quo
1085 814 1218 876 ventus
1247 812 1346 875 esset

301 914 421 1013 magis
437 913 669 991 contrarius:
694 914 761 991 sed
776 914 881 991 navis
902 914 1104 991 lateraliter
1119 913 1261 989 tardius
1278 914 1346 987 ibit

300 1050 413 1127 qnam
442 1026 576 1105 credis.
627 1027 724 1105 Nam
752 1040 876 1105 motus
898 1030 948 1105 ad
971 1030 1088 1105 latera
1114 1028 1198 1103 dnae
1225 1053 1346 1102 causae

300 1152 413 1216 sunt:
438 1164 596 1239 quarum
625 1140 744 1217 altera
767 1153 825 1217 est
839 1153 973 1217 ventus
989 1142 1051 1217 ille
1069 1141 1133 1239 qui
1151 1142 1282 1216 incidit
1307 1143 1345 1215 in

299 1251 422 1351 ipsum
447 1252 546 1329 latus
571 1254 698 1341 navis3
723 1254 843 1331 altera
858 1265 916 1329 est
931 1254 1004 1329 veli
1019 1254 1192 1329 sinuatio.
1244 1255 1346 1329 Qua-

299 1388 385 1441 rum
400 1390 596 1441 causarum
610 1366 732 1465 prima
751 1367 846 1443 nihil
861 1368 939 1444 fere
956 1367 1080 1457 efficit,
1097 1367 1185 1465 quia
1200 1367 1346 1465 pondus

300 1502 407 1577 aquae
423 1478 523 1578 quod
540 1480 696 1555 alatere
719 1480 826 1555 uado
847 1480 1128 1580 propellendum
1144 1492 1213 1571 est,
1230 1482 1346 1555 maxi-

299 1614 403 1667 mnm
425 1602 502 1668 est:
527 1590 691 1668 secanda
717 1605 859 1670 motum
882 1594 989 1669 navis
1010 1595 1050 1669 in
1075 1594 1262 1669 anteriora
1279 1593 1345 1669 ali-

300 1716 480 1803 qnantum
496 1704 664 1804 impedit.

349 1819 400 1895 A.
427 1818 540 1895 Quod
570 1818 675 1894 navis
702 1831 825 1893 motus
851 1816 1024 1910 lateralis,
1050 1819 1122 1894 nisi
1146 1819 1185 1893 in
1206 1818 1345 1915 longis-

299 1930 393 2007 sima
425 1932 673 2030 navigatione,
707 1955 784 2006 non
823 1932 982 2007 multum
1021 1933 1199 2029 impediat
1236 1933 1345 2007 facile

298 2046 488 2121 concedo:
514 2045 581 2121 sed
600 2046 673 2121 veli
700 2045 947 2121 sinuationem
976 2046 1185 2121 accelerare
1212 2070 1344 2120 navem

298 2159 451 2251 credidi,
468 2159 592 2259 potius
609 2184 720 2260 quam
736 2159 928 2257 impedire.

348 2272 399 2347 B.
425 2274 539 2350 Error
550 2285 620 2349 est.
656 2272 754 2347 Nam
764 2272 940 2372 impedit:
956 2272 1079 2348 minus
1089 2284 1215 2347 tamen
1229 2294 1345 2369 quau-

298 2384 349 2461 do
364 2397 498 2461 ventus
514 2410 538 2461 a
554 2408 678 2483 puppe
695 2385 822 2482 spirat.

348 2500 399 2576 A.
422 2500 580 2574 Videtur
594 2523 697 2596 ergo,
708 2500 740 2573 si
757 2499 885 2573 tabula
901 2499 1024 2597 aliqua
1040 2499 1126 2587 lata,
1141 2496 1344 2592 eademqne

297 2614 432 2705 tenuis,
449 2638 517 2711 pro
534 2613 617 2688 velo
633 2624 746 2687 vento
765 2614 1041 2701 obtenderetur,
1057 2610 1343 2686 commodiorem

297 2723 395 2799 fore:
422 2727 508 2822 qnia
525 2727 646 2799 minus
663 2727 830 2800 sinuatur
848 2750 958 2822 quam
977 2726 1098 2799 velum
1117 2749 1161 2796 ex
1179 2725 1267 2797 lino.

351 2838 400 2911 B.
426 2839 518 2912 Vela
541 2840 663 2934 lignea
683 2850 774 2934 quot
795 2838 1029 2911 incommoda
1046 2860 1171 2911 secum
1187 2835 1343 2908 allatura

299 2964 398 3041 sunt,
422 2951 529 3025 facile
558 2952 752 3048 providere
779 2952 876 3039 licet,
904 2953 1015 3025 etiam
1040 2952 1176 3047 absque
1199 2946 1343 3043 experi-

298 3066 409 3139 entia.
460 3066 664 3161 Expertum
694 3077 817 3138 tamen
842 3065 918 3138 vidi
947 3065 985 3138 in
1003 3064 1085 3138 velo
1106 3064 1228 3159 ligneo
1253 3060 1342 3156 qnid

297 3179 442 3253 efficere
458 3193 591 3252 ventus
608 3191 744 3277 potest.
781 3179 868 3251 Vidi
885 3180 985 3251 enirn
1002 3179 1166 3251 tabulam
1183 3178 1343 3272 ligneam

297 3304 456 3389 quatuor
475 3293 665 3366 trochisois
682 3292 902 3388 impositam,
921 3303 959 3364 et
976 3292 1015 3363 in
1039 3291 1160 3363 medio
1179 3292 1257 3385 ejus
1274 3313 1342 3385 pro

296 3406 393 3480 malo
424 3419 587 3479 erectum
611 3405 796 3495 baculum,
825 3418 863 3479 et
890 3406 1021 3478 baculo
1057 3405 1204 3477 affixam
1233 3402 1342 3474 aliam

297 3519 460 3592 tabulam
487 3519 603 3592 instar
620 3519 716 3603 veli;
743 3531 854 3615 atque
876 3519 929 3593 ita
952 3517 1181 3605 collocatam,
1199 3529 1241 3588 ut
1258 3538 1343 3587 ven·

296 3643 356 3705 tus
374 3633 413 3705 in
436 3656 517 3705 eam
547 3633 726 3706 incideret
755 3632 1029 3729 obliquissime;
1060 3655 1205 3727 nempe,
1224 3629 1260 3701 in
1280 3652 1343 3700 an-

295 3745 383 3841 gulo
401 3744 518 3817 multo
531 3746 672 3818 minore
683 3770 794 3843 quam
810 3757 868 3819 est
884 3745 1041 3842 angulus
1058 3745 1097 3818 iu
1111 3743 1342 3841 praecedente

295 3861 416 3955 figura
431 3859 549 3947 ACE,
567 3859 606 3932 id
624 3871 692 3949 est,
711 3860 764 3933 ita
780 3872 823 3933 ut
843 3873 939 3933 esset
965 3860 1004 3931 in
1029 3859 1103 3933 situ
1126 3858 1173 3932 ad
1191 3869 1342 3930 ventum

293 3969 371 4046 fere
388 3973 589 4046 contrario
630 3973 773 4046 Tabula
789 3973 869 4046 haec
888 3996 971 4046 cum
985 3972 1067 4045 velo
1082 3996 1148 4045 suo
1162 3971 1285 4066 ligneo
1303 3969 1341 4039 in

294 4085 505 4181 pavimento
524 4086 591 4159 sub
610 4086 683 4175 dio,
702 4086 865 4182 spirante
883 4095 993 4158 vento
1020 4084 1209 4174 mediocri,
1229 4082 1341 4155 collo·

296 4208 378 4271 cata
396 4209 462 4273 est.
500 4197 632 4272 Evenit
645 4210 782 4289 autem,
792 4210 835 4273 ut
851 4199 972 4296 primo
987 4198 1140 4272 immota
1156 4197 1341 4292 paulisper
