2946 5010
483 432 814 488 euouurnnnuu.
1090 414 1163 492 407

130 626 208 676 esse
226 601 468 675 curvitatem:
494 611 532 674 et
548 599 702 697 proinde
728 610 866 673 rectam
886 598 952 672 BD
970 621 1054 671 cum
1076 619 1164 669 arcu
1196 622 1264 666 cnr.
1280 615 1346 664 vm.

131 715 205 789 ΒΜ
215 715 252 788 in
266 715 681 810 punctoBconstituere
695 716 870 811 angulum
882 726 1035 788 rectum.
1061 714 1163 786 Fato
1202 691 1345 809 ἷῷζ

131 838 192 900 tur
210 828 308 901 enim
326 827 473 900 Clarius
489 826 736 924 longitudines
753 829 932 901 linearum
953 828 1006 900 nil
1023 836 1165 901 mutare

131 943 170 1014 in
181 940 432 1036 magnitudine
444 942 589 1037 anguli:
608 964 677 1013 nec
689 940 773 1015 ideo
787 942 962 1036 angulum
974 949 1166 1013 contectus

132 1054 326 1150 quicquam
361 1052 553 1127 detrahere
581 1078 604 1127 a
630 1054 882 1150 magnitudine
915 1052 1041 1150 anguli
1073 1051 1167 1126 recti

131 1166 311 1239 rectilinei
328 1166 436 1239 DBL.

183 1279 354 1375 Sequitur
364 1279 474 1352 etiam
492 1280 667 1374 angulum
678 1290 869 1353 contactus
886 1302 962 1352 non
979 1302 1057 1353 esse
1074 1279 1166 1375 ejus·

132 1390 215 1464 dem
232 1392 377 1488 generis
395 1416 478 1465 cum
496 1393 629 1488 angulo
647 1393 847 1480 rectilineo,
861 1392 958 1489 quod
970 1405 1008 1466 et
1022 1393 1166 1467 Clarius

131 1504 291 1578 fatetur:
319 1528 402 1577 cum
428 1505 627 1577 curvitates
646 1528 797 1578 arcuum
814 1506 970 1601 aequales
988 1529 1066 1579 esse
1083 1529 1169 1602 pos·

133 1631 219 1689 sunt
235 1629 336 1706 tune,
355 1617 501 1712 quando
519 1641 625 1690 arcus
639 1617 709 1713 ipsi
726 1630 813 1691 sunt
829 1618 1037 1714 inaequales.
1075 1619 1168 1693 Haec

133 1728 199 1799 tibi
218 1729 305 1801 satis
322 1729 513 1825 perspicue
527 1743 617 1825 puto
631 1729 819 1826 explicavi.
873 1730 938 1803 Sin
950 1744 1169 1826 argumenta

135 1840 250 1912 Clavii
280 1853 411 1914 contra
440 1841 672 1915 Pelletarinm
706 1865 893 1915 assensum
920 1855 1024 1915 tuum
1058 1844 1168 1918 etiam

133 1977 232 2027 nunc
248 1954 462 2050 impediant,
479 1956 606 2029 tollam
625 1979 669 2028 ea
684 1980 768 2028 cum
785 1957 880 2030 istuc
897 1979 1044 2031 venero.

552 2328 656 2402 CAP.
682 2328 749 2401 IX.

532 2499 585 2550 DE
605 2500 773 2552 FIGURA.

136 2627 363 2700 Durrurrro
400 2627 543 2700 decimo
569 2628 690 2717 tertia,
725 2650 868 2723 nempe,
903 2628 1080 2702 terminus
1112 2638 1171 2702 ert

135 2742 235 2839 quod
261 2740 422 2836 alicujus
451 2749 648 2813 extremum
673 2751 742 2827 eat,
766 2765 847 2814 sere
869 2741 993 2814 venit:
1020 2766 1104 2815 cum
1132 2742 1171 2814 in

135 2856 247 2928 tertia
263 2865 302 2926 et
319 2864 421 2926 sexta
449 2852 648 2927 definiisset
671 2855 847 2928 terminos
866 2853 973 2927 lineae
990 2868 1027 2929 et
1044 2877 1172 2952 super-

135 2969 229 3041 ficiei
248 2991 326 3040 esse
344 2978 491 3064 puncta.

185 3085 359 3157 Definitio
378 3083 676 3180 decimaquarta,
690 3085 829 3182 figura
858 3095 915 3158 est
939 3111 1021 3183 que
1048 3083 1173 3181 aliquo

136 3196 195 3269 rel
222 3195 409 3293 aliquibus
444 3197 612 3269 terminis
646 3196 976 3293 comprehenditur.
1035 3197 1172 3271 Quaero

138 3309 196 3380 hic
223 3309 354 3402 primo,
372 3306 420 3380 ad
442 3331 552 3403 quam
573 3331 703 3380 vocem
731 3331 938 3405 expressam
955 3309 1014 3382 vel
1040 3309 1173 3382 suban-

139 3420 249 3493 ditam
282 3419 440 3493 refertur
464 3444 538 3491 vox
563 3420 718 3492 relativa
733 3445 828 3517 que.
881 3422 920 3495 Si
945 3422 1103 3495 refertur
1125 3421 1173 3494 ad

138 3535 304 3629 figuram,
324 3533 488 3606 definitio
507 3533 577 3605 erit
596 3533 743 3631 (figura
759 3543 815 3606 eet
831 3536 969 3634 figura
993 3560 1076 3632 quae
1102 3532 1174 3607 ali-

138 3671 220 3744 quo,
235 3652 321 3738 etc.)
341 3645 482 3719 vitiosa.
535 3645 599 3719 Sin
622 3645 670 3718 ad
686 3670 814 3719 vocem
841 3649 1066 3747 magnitudo,
1094 3660 1175 3722 tum

139 3758 302 3832 definitio
337 3758 421 3831 talis
447 3758 539 3830 erit:
571 3758 718 3857 Figura
751 3768 809 3832 est
840 3761 1057 3857 magnitudo
1091 3784 1175 3860 quoe

140 3871 266 3969 aliquo
282 3869 340 3943 uel
361 3869 543 3967 aliquibus
567 3871 733 3943 terminis
750 3872 1090 3969 comprehenditur:
1115 3871 1174 3944 vel

139 3986 297 4072 breniae,
315 3985 452 4081 figura
474 3993 531 4056 eet
554 3984 770 4082 magnitudo
794 3985 1028 4084 undiquaque
1043 3984 1173 4082 finite.

143 4099 236 4173 Quae
253 4098 401 4193 quidem
420 4096 584 4169 definitio
602 4109 657 4170 est
674 4097 848 4193 legitima.
901 4099 975 4172 Sed
992 4098 1175 4197 quomodo

141 4211 311 4284 excludet
328 4210 373 4281 ab
390 4210 459 4282 hac
477 4209 688 4284 definitione
703 4211 848 4284 Clarius
860 4213 1001 4286 finitam
1014 4213 1173 4287 lineam?

143 4327 251 4399 Dicet
274 4324 441 4413 fortasse,
458 4323 592 4397 lineam
610 4347 692 4420 quae
722 4322 914 4423 longitudo
944 4334 1083 4399 tuntum
1105 4333 1173 4415 est,
