2946 5010
398 420 975 476 unrflnuurrcnnonrnnun.
1133 409 1205 475 205

517 712 765 767 PROPOSITIO
785 715 860 766 v11.

219 824 386 923 Spatium
403 828 604 924 cycloidale
625 831 811 905 internum
829 830 900 904 BA
898 831 942 926 f,
971 828 1211 925 comprehen-

168 962 250 1011 sum
262 963 286 1012 a
297 950 402 1035 parte
416 940 591 1037 cycloidis
606 944 636 1015 B
638 944 680 1041 s
689 955 727 1017 et
744 943 886 1017 duabus
904 943 1014 1015 rectis
1031 943 1114 1030 AB,
1133 942 1210 1039 Af,

168 1064 317 1148 superat
335 1053 604 1128 semicirculum
625 1057 843 1152 genitorem,
869 1068 1014 1130 tantum
1032 1068 1211 1151 quantum

168 1177 223 1237 est
239 1164 426 1237 trilineum
444 1173 466 1236 6
463 1165 546 1261 sm.

218 1278 328 1369 Nam,
353 1301 421 1374 per
444 1281 727 1376 praecedentem,
757 1283 915 1380 spatium
942 1280 1211 1378 quadrilineum

169 1390 308 1463 Bcsm
330 1392 470 1486 aequale
494 1405 549 1467 est
576 1394 773 1490 quadranti
794 1394 915 1468 ABC.
968 1394 1093 1468 Quare
1124 1418 1209 1490 qua·

169 1502 365 1577 drilineum
383 1505 452 1578 AB
464 1515 527 1579 m6
542 1507 682 1602 aequale
705 1519 762 1580 est
780 1506 1008 1580 semicirculo
1025 1507 1184 1602 genitori
1199 1538 1209 1591 ;

168 1618 228 1690 cui
245 1618 276 1690 si
293 1618 451 1691 addatur
465 1620 652 1693 trilineum
665 1620 768 1716 mos,
783 1621 825 1693 fit
839 1620 998 1716 spatium
1011 1619 1210 1716 cycloidale

168 1731 353 1826 integrum
368 1732 438 1804 BA
436 1731 482 1828 f.
513 1732 679 1828 Spatium
694 1755 782 1829 ergo
800 1731 1000 1829 cycloidale
1014 1732 1124 1828 BAf,
1138 1744 1209 1807 etc.

170 1844 280 1919 Quod
298 1856 377 1917 erat
395 1844 733 1918 demonstrandum.

507 2054 756 2107 PROPOSITIO
777 2055 871 2106 VIII.

219 2169 258 2242 Si
276 2169 431 2242 ducatur
448 2181 549 2242 recta
566 2170 651 2260 DC,
677 2182 715 2243 et
742 2170 972 2266 producatur
1002 2170 1049 2244 ad
1080 2169 1149 2243 BG
1171 2171 1210 2245 in

169 2283 204 2355 N
220 2314 229 2367 ;
252 2284 383 2378 juncta
401 2283 469 2355 FN
488 2284 659 2356 transibit
675 2307 742 2379 per
759 2283 984 2379 punctumf.

219 2397 312 2470 Cum
329 2397 426 2468 enim
445 2395 520 2468 DN
538 2408 701 2469 transeat
722 2420 789 2493 per
808 2395 847 2485 C,
875 2397 946 2470 erit
963 2396 1035 2469 BN
1059 2396 1209 2492 aequalis

169 2509 346 2584 diametro
362 2509 446 2582 BD.
502 2510 547 2582 Bt
564 2509 737 2606 quoniam
757 2508 826 2582 BG
851 2521 907 2583 est
934 2510 1084 2607 aequalis
1107 2512 1210 2584 arcui

168 2624 387 2696 semicirculi
404 2623 595 2718 genitoris,
614 2623 684 2696 erit
707 2623 781 2695 GN
809 2646 977 2696 excessus
1003 2648 1075 2720 quo
1103 2648 1210 2697 arcus

169 2736 276 2810 BCD
312 2747 461 2833 superat
495 2736 716 2809 diametrum
744 2736 827 2809 BD.
895 2737 962 2810 Bst
996 2748 1119 2810 autem
1149 2738 1209 2810 att

168 2851 327 2924 semissis
354 2850 465 2946 ipsius
494 2851 575 2939 BG,
605 2860 644 2922 et
673 2857 695 2920 6
692 2849 734 2945 f
752 2848 909 2922 semissis
936 2848 1105 2923 diametri
1134 2851 1210 2924 sive

167 2977 279 3037 rectae
294 2963 380 3034 BN.
410 2961 534 3036 Guare
552 2971 654 3034 recta
670 2961 739 3057 Bf
748 2973 805 3033 est
822 2961 980 3034 semissis
997 2973 1109 3036 rectae
1123 2963 1209 3038 GN.

167 3076 288 3149 Etiam
306 3077 370 3148 FB
388 3086 444 3147 est
468 3075 627 3147 semissis
652 3075 728 3148 FG.
783 3076 836 3148 Ut
861 3098 950 3171 ergo
974 3075 1038 3148 FG
1057 3075 1104 3149 ad
1122 3076 1209 3166 GN,

167 3191 219 3263 ita
242 3191 306 3263 FB
324 3189 371 3263 ad
397 3189 469 3285 Bf.
520 3188 669 3261 Transit
693 3213 781 3285 ergo
799 3189 869 3261 FN
886 3212 952 3285 per
975 3202 1155 3284 punctum
1164 3189 1208 3286 f.

168 3304 279 3380 Quod
296 3315 375 3376 erat
393 3300 732 3376 demonstrandum.

527 3509 775 3561 PROPOSITIO
794 3510 856 3561 IX.

215 3628 456 3724 Triangulum
483 3626 713 3699 rectilineum
740 3627 838 3723 EFf
847 3626 985 3723 aequale
1009 3638 1065 3700 est
1091 3627 1210 3722 spatio

165 3745 371 3839 intercepto
389 3743 485 3815 inter
501 3764 628 3814 arcum
647 3740 862 3836 quadrantis
874 3740 972 3814 ABC
990 3752 1027 3814 et
1044 3740 1209 3835 ejusdem

166 3858 387 3931 subtensam.

215 3969 456 4066 Triangulum
486 3965 582 4040 GEB
611 3966 751 4062 aequale
781 3980 837 4039 est
864 3967 1060 4062 quadranti
1088 3966 1206 4039 ABG.

166 4084 213 4156 Et
225 4082 397 4179 quoniam
410 4089 432 4152 6
431 4080 472 4176 f
481 4080 632 4175 aeqnalis
646 4093 701 4152 est
714 4078 996 4168 semidiametro,
1011 4079 1080 4151 erit
1094 4078 1208 4152 trian-

165 4196 294 4290 gulum
312 4195 392 4291 Ffa
413 4193 553 4288 aequale
572 4192 724 4267 dimidio
742 4193 922 4288 quadrato
940 4194 985 4266 ab
1001 4193 1042 4289 f
1048 4201 1082 4267 6.
1136 4194 1208 4274 Re-

165 4310 306 4403 liquum
327 4308 439 4404 igitur
468 4306 693 4401 triangulum
714 4305 943 4380 rectilineum
961 4307 1059 4404 FBf
1068 4309 1209 4405 aequale

1248 606 1400 647 DlALOGUS

1250 687 1392 790 :L
