2946 5010
290 390 365 458 260
616 402 670 454 nn
689 398 861 455 urruns
879 398 1015 451 nanis.

294 571 358 670 qui
391 569 520 643 matris
550 569 647 664 sugit
677 569 801 641 ubera.
858 568 1002 641 Exucto
1031 589 1118 662 ergo
1147 566 1223 638 aeri
1253 566 1335 661 quis

292 686 395 759 locus
425 696 482 757 est
512 706 584 778 quo
620 705 658 755 se
689 681 868 778 recipiat?
925 679 1068 753 Nullus.
1125 681 1211 753 Non
1245 704 1335 776 ergo

293 797 476 890 exugitur.
517 795 643 868 Suetio
661 818 750 889 ergo
768 793 918 881 nihilne,
936 793 1091 889 inquies,
1110 791 1214 887 agit?
1254 793 1335 865 Imo

294 909 462 984 multum.
515 907 612 980 Nam
629 907 676 979 ab
694 907 756 980 illa
773 908 826 994 fit,
843 906 974 1002 primo,
992 920 1035 979 ut
1051 906 1156 979 labra
1172 905 1336 1001 sugentis

209 1101 212 1109 ,
295 1023 344 1097 ad
360 1022 493 1096 collum
511 1020 644 1116 phialae
660 1020 713 1093 ita
729 1031 831 1093 arcta
848 1019 1061 1108 adhereant,
1078 1033 1211 1092 utnon
1228 1018 1337 1091 facile

296 1136 529 1222 divellantur,
550 1133 748 1230 incipiente
768 1133 1011 1227 disjunctione
1028 1135 1074 1206 ab
1093 1132 1234 1205 ambitu
1247 1155 1338 1204 con-

296 1261 419 1324 tactus
436 1249 628 1322 exteriore.
679 1245 861 1334 Secundo,
879 1248 923 1319 fit
940 1247 1116 1343 sugendo,
1134 1257 1176 1319 ut
1193 1269 1256 1318 aer
1273 1245 1338 1340 qui

296 1374 353 1438 est
377 1363 476 1436 iutra
496 1361 669 1458 phialam,
691 1371 846 1434 conetur
867 1384 934 1457 par
956 1373 1201 1456 campartem
1224 1359 1337 1447 exire,

296 1477 361 1550 ubi
383 1476 560 1549 auctionis
583 1486 638 1548 est
660 1475 819 1563 initium,
845 1475 916 1546 hoc
940 1486 1007 1563 est,
1038 1498 1105 1571 per
1127 1473 1258 1570 phialae
1281 1497 1337 1546 os.

295 1588 427 1683 Itaque
444 1611 507 1661 ore
524 1587 657 1683 phialae
675 1586 1039 1683 quantulumcunque
1061 1588 1099 1660 in
1117 1611 1251 1684 aquam
1268 1585 1340 1659 im-

295 1724 429 1790 merso,
457 1700 488 1772 si
518 1712 671 1773 conatus
698 1699 793 1773 aeris
823 1724 931 1796 quem
962 1700 1126 1773 habeta
1158 1701 1338 1788 suctione,

295 1816 416 1912 major
434 1814 483 1887 sit
501 1836 612 1908 qnam
628 1813 683 1885 vis
702 1836 774 1908 qua
790 1836 886 1908 aqua
902 1813 1075 1909 gravitat,
1093 1814 1340 1886 necessarium

294 1939 365 2018 est,
377 1940 420 2001 ut
436 1950 500 1999 aer
516 1950 650 2022 aquam
666 1936 863 2023 penctrans
880 1937 997 2015 exeat,
1012 1939 1051 2000 et
1067 1926 1242 2000 inlocum
1260 1929 1341 2023 ejus

297 2039 472 2116 ascendat
506 2063 612 2135 aqua,
647 2037 765 2112 donec
798 2039 834 2111 vi
874 2038 1051 2112 suctionis
1090 2038 1340 2131 decrescente,

295 2165 451 2230 conatus
484 2152 580 2225 aeris
611 2150 659 2224 ad
688 2150 908 2241 excundum,
936 2163 975 2225 et
1006 2176 1113 2248 aquae
1144 2153 1192 2225 ad
1221 2155 1342 2227 subsi-

297 2266 472 2355 dendum,
491 2267 583 2339 fiant
599 2264 769 2361 aequalcs.

350 2380 400 2453 B.
427 2379 530 2451 Nihil
564 2378 801 2475 probabilius.
866 2377 937 2450 Dic
965 2378 1056 2451 mihi
1086 2403 1196 2467 nunc,
1229 2404 1342 2476 quam

294 2517 446 2566 causam
492 2491 604 2564 habet
653 2489 707 2562 vis
753 2491 817 2563 illa
863 2490 1098 2582 admirabilis,
1143 2516 1216 2588 qua
1256 2494 1342 2589 pilae

297 2605 491 2702 plumbeae,
517 2603 574 2675 vel
597 2602 709 2674 etiam
733 2603 889 2699 sagittae,
913 2605 1133 2678 emittuntur
1162 2631 1182 2679 e
1207 2607 1342 2679 fistulis

296 2716 367 2790 illis
393 2739 482 2810 quas
512 2714 699 2809 appellant
722 2716 902 2810 sclopetos
933 2731 1157 2802 ventaneos;
1185 2744 1344 2814 quorum

299 2829 476 2901 fabricam
500 2851 607 2899 nemo
640 2826 716 2899 fere
743 2830 862 2901 nescit
888 2854 1014 2902 eorum
1043 2832 1105 2927 qui
1133 2838 1342 2909 conversari

298 2941 420 3015 solent
439 2965 522 3013 cum
540 2940 778 3037 philosophis.

350 3057 398 3128 A.
428 3054 617 3150 Sclopetus
642 3066 853 3142 ventaneuS,
878 3069 920 3129 ut
947 3069 984 3129 et
1013 3059 1183 3132 machina
1208 3073 1342 3150 vestra,

298 3169 390 3243 duos
411 3170 522 3242 habet
545 3182 692 3242 ventres
714 3181 752 3242 et
776 3181 970 3243 suctorem.
1023 3173 1197 3245 Machina
1219 3188 1345 3248 vestra

299 3284 464 3357 foramen
482 3283 593 3356 habet
611 3307 694 3354 cum
713 3282 891 3356 clavicula
913 3284 950 3355 in
968 3286 1153 3357 ventrium
1172 3289 1343 3360 commis-

299 3422 410 3480 sura;
440 3396 504 3468 sed
535 3396 719 3491 sclopetus
745 3395 804 3468 hic
832 3397 869 3466 in
896 3397 1135 3470 commissura
1157 3401 1344 3473 ventrium

295 3511 464 3584 foramen
490 3509 602 3580 habat
634 3532 717 3579 cum
744 3508 900 3597 vulvula,
926 3534 1035 3604 quam
1062 3535 1124 3583 aer
1147 3536 1169 3583 a
1197 3524 1344 3585 suctore

297 3623 465 3695 incussus
483 3621 591 3693 facile
610 3622 789 3717 aperienS,
808 3625 921 3696 intrat
939 3624 977 3695 in
1000 3636 1166 3696 ventrem
1191 3625 1344 3698 ulterio-

297 3760 387 3824 rem,
407 3748 445 3808 et
463 3759 530 3829 pro
549 3735 708 3807 maxima
725 3736 761 3807 vi
787 3759 859 3831 qua
877 3737 1043 3809 incussus
1067 3737 1186 3810 fuerat
1204 3740 1345 3812 exitum

297 3860 444 3921 tentans
465 3849 734 3937 circumcurrit,
747 3849 866 3921 donec
884 3874 954 3945 ope
967 3849 1114 3945 lingulae
1128 3851 1213 3923 dato
1229 3854 1343 3941 exitu,

296 3985 364 4057 per
394 3962 532 4033 ventris
567 3961 750 4034 ulterioris
785 3962 939 4034 fundum
971 3977 1149 4060 erumpat,
1174 3976 1279 4038 tanta
1305 3969 1345 4039 vi

299 4089 474 4169 quantam
499 4074 605 4146 multi
632 4085 670 4146 et
693 4074 803 4147 validi
828 4076 922 4148 ictus
950 4079 1107 4151 suctoris
1135 4079 1343 4154 conferunt.

298 4187 428 4281 ltaque
447 4188 579 4259 mirum
598 4199 761 4275 nonest,
789 4189 818 4260 si
849 4189 961 4283 pilam
989 4190 1104 4263 exitui
1135 4193 1345 4286 oppositam

175 4388 183 4395 ι
298 4323 363 4394 per
382 4300 469 4372 satis
488 4300 816 4396 longumspatium
835 4302 967 4397 ejiciat.
