2946 5010
409 396 482 462 404
551 408 605 460 nu
624 408 855 461 rmncrrus
875 410 926 461 nr
946 408 1310 461 narrocrnnmonn

226 605 294 646 cnr.
310 603 376 644 vm.
407 577 523 672 jarem
543 573 708 670 ejusdem
724 577 881 671 generis.
934 577 1208 673 Appellabimus
1231 587 1362 648 autem
1392 577 1448 648 ho

227 672 370 790 W
410 711 527 785 genus
557 688 694 785 anguli,
725 688 901 788 angulum
925 689 1093 785 genitam
1122 714 1170 762 ea
1200 688 1471 778 circulatione,

412 801 487 874 sive
517 811 623 873 motu
652 801 823 874 circulari
850 801 953 874 radii.
1018 802 1145 899 ltaque
1179 801 1301 873 ideam
1330 802 1471 897 anguli

411 915 522 1010 hujus
539 915 684 1011 generis
703 914 906 1010 perfectam
923 915 1048 988 habes.
1102 915 1284 988 Caeterum
1302 914 1354 986 ad
1373 915 1470 987 defi-

413 1027 591 1100 nitionem
605 1027 683 1122 ejus
699 1026 914 1123 legitimam,
929 1026 1188 1122 investiganda
1199 1027 1299 1123 prius
1313 1051 1361 1100 ea
1373 1039 1470 1100 sunt

415 1164 499 1236 quae
516 1139 585 1235 ipsi
602 1150 688 1212 sunt
705 1140 924 1214 essentialia.

465 1253 627 1328 Primum
642 1263 709 1342 est,
727 1265 771 1326 ut
789 1253 837 1325 sit
855 1264 1044 1348 quantum.
1097 1253 1181 1326 Hoc
1198 1265 1323 1326 autem
1342 1253 1471 1326 mani·

414 1366 549 1440 festum
567 1378 635 1455 est,
660 1391 706 1440 ex
724 1390 768 1440 eo
786 1366 886 1463 quod
914 1367 1008 1439 alter
1025 1366 1142 1440 altero
1160 1368 1278 1461 major
1295 1389 1376 1439 esse
1395 1391 1468 1463 po-

414 1489 509 1553 test:
534 1490 577 1553 ut
593 1479 749 1576 angulus
766 1477 864 1552 BAC
881 1480 999 1575 major
1015 1489 1070 1552 est
1088 1479 1222 1575 angulo
1240 1478 1359 1551 ΒΑΗ.

468 1592 651 1681 Secundo,
669 1593 757 1688 quia
774 1592 899 1689 anguli
924 1591 1042 1681 BAH,
1064 1592 1148 1665 ΒΑΙ
1175 1591 1332 1687 aequales
1362 1602 1465 1679 snut,

417 1706 483 1781 sed
500 1729 619 1803 neque
637 1716 747 1779 rectae
760 1706 839 1795 AB,
854 1705 931 1795 All,
957 1728 1077 1801 neque
1100 1705 1211 1801 plana
1228 1704 1349 1793 ΒΑΗ,
1362 1704 1465 1792 ΕΑΙ,

418 1820 574 1917 aequalia
590 1831 687 1908 sunt,
707 1833 850 1893 certum
868 1832 925 1891 est
943 1817 1043 1914 quod
1066 1819 1224 1892 essentia
1241 1817 1368 1912 anguli
1385 1841 1466 1889 non

419 1933 588 2009 consistit
611 1956 731 2029 neque
758 1933 797 2007 in
820 1933 1026 2028 quantitate
1049 1932 1229 2006 linearum
1247 1930 1381 2027 quibus
1410 1930 1465 2002 in-

419 2046 593 2133 cluditur,
611 2069 730 2142 neque
757 2045 795 2119 in
814 2045 1019 2142 quantitate
1042 2045 1317 2141 superficierum
1343 2044 1466 2132 ΒΑΗ,

418 2159 527 2234 EAl:
552 2182 672 2255 neque
701 2157 857 2256 denique
885 2158 1053 2231 consistit
1083 2158 1240 2231 essentia
1268 2157 1395 2252 anguli
1427 2157 1468 2229 in

418 2268 673 2368 magnitudine
687 2295 839 2344 arcuum
855 2269 936 2360 BH,
948 2271 1010 2359 ΒΙ,
1023 2294 1107 2344 cum
1117 2271 1241 2367 anguli
1256 2270 1325 2365 ipsi
1343 2294 1468 2367 aequa·

418 2387 472 2460 les
489 2386 575 2475 siut,
595 2410 701 2459 arcus
718 2385 875 2483 aequales
892 2408 966 2457 non
985 2385 1069 2457 sint.

474 2501 548 2573 Ubi
567 2524 654 2595 ergo
672 2500 898 2572 inveniemus
916 2498 1163 2593 aequalitatem
1184 2497 1294 2584 illam,
1313 2506 1470 2590 propter

426 2638 535 2709 quam
550 2614 707 2707 aequales
725 2614 897 2685 dicuntur
916 2613 987 2684 duo
1007 2612 1131 2706 anguli
1151 2611 1268 2697 ΒΑΗ,
1286 2609 1397 2681 ΕΑΙ.)

475 2726 558 2797 Duo
577 2726 701 2819 anguli
721 2726 837 2812 ΒΑΗ,
850 2725 932 2796 ΒΑΙ
960 2725 1117 2819 aequales
1138 2737 1329 2807 vocantur,
1353 2747 1470 2817 prop-

425 2850 526 2912 terea
544 2839 643 2933 quod
661 2839 817 2933 aequales
835 2852 920 2909 sunt
944 2851 1077 2932 partes,
1097 2839 1172 2909 sive
1191 2838 1311 2932 potius
1337 2835 1471 2906 eadem

425 2975 522 3047 pars,
542 2951 656 3022 totius
676 2951 964 3022 circumlationis
990 2952 1095 3022 radii.
1149 2951 1241 3022 Sunt
1266 2951 1363 3020 enim
1393 2948 1469 3019 dno

426 3087 532 3135 arcus
552 3064 621 3134 BH
641 3075 677 3135 et
694 3063 743 3134 El
769 3063 858 3134 faeti
885 3088 906 3134 a
930 3075 1032 3135 motu
1055 3064 1159 3150 radii,
1178 3064 1252 3134 sive
1271 3062 1362 3132 recti
1392 3061 1471 3131 sive

427 3178 541 3264 curvi,
562 3177 627 3247 ΑΒ
653 3176 782 3247 eodem
808 3187 985 3271 ternpore.
1039 3177 1168 3271 ltaque
1187 3175 1376 3270 aequalitas
1403 3198 1472 3244 an-

426 3291 598 3387 gulorum
616 3291 725 3383 hujus
752 3291 895 3384 generis
915 3290 1079 3361 consistit
1097 3290 1135 3360 in
1154 3289 1365 3382 aequalitate
1383 3312 1472 3381 par-

426 3409 519 3482 tium
534 3408 711 3501 temporis
729 3407 765 3477 in
781 3432 852 3501 quo
864 3406 1054 3477 circulatio
1071 3417 1149 3476 tota
1160 3405 1252 3475 radii
1266 3404 1470 3498 perficitur.

428 3522 551 3615 Atque
569 3520 655 3591 hinc
673 3533 739 3607 est,
758 3544 825 3590 nec
848 3518 1006 3604 aliunde,
1026 3518 1124 3611 quod
1143 3529 1220 3588 tum
1239 3518 1364 3611 anguli
1390 3529 1460 3588 tun

428 3646 600 3720 sectores,
626 3633 663 3703 in
689 3633 818 3704 eodem
845 3632 981 3704 circulo
1001 3632 1148 3727 sumpti,
1168 3643 1252 3702 sunt
1277 3633 1315 3701 in
1339 3632 1464 3702 eaden

428 3749 571 3821 ratione
587 3771 670 3817 cum
688 3747 762 3818 suis
779 3748 946 3818 arcubus.

481 3860 606 3932 Habes
624 3883 713 3953 ergo
737 3871 907 3930 naturam
933 3859 1059 3953 anguli
1079 3884 1124 3929 ca
1142 3857 1387 3929 circulatione
1404 3884 1458 3955 gc

429 3974 509 4061 niti,
530 3998 672 4067 nempe,
692 3973 844 4043 eandem
860 3997 942 4043 cum
961 3971 1473 4044 naturacircnlatio11isE=

430 4087 586 4182 angulus
605 4088 684 4181 ipse
703 4099 759 4157 est
782 4109 866 4180 pars
894 4085 1142 4157 circulationis
1169 4086 1291 4157 totius
1343 4084 1391 4154 Et
1414 4108 1456 4154 ar

431 4223 508 4286 cuS,
533 4212 569 4271 et
598 4199 723 4293 anguli
752 4199 819 4284 sui,
845 4197 973 4268 eadem
1000 4209 1054 4269 est
1079 4198 1272 4292 quantitas.
1325 4195 1459 4268 Numer

434 4325 556 4384 autem
575 4313 699 4405 anguli
719 4311 820 4384 arcui
839 4312 965 4383 datum
984 4323 1051 4400 est,
1070 4322 1219 4406 propter
1247 4311 1360 4382 lineas
1377 4333 1460 4402 qum
