2946 5010
292 400 366 465 268
613 417 663 468 nn
685 418 855 470 urruns
875 418 1011 470 aaars.

291 584 354 670 ris,
373 582 472 679 qnod
489 608 555 679 per
572 609 800 683 consequens
821 588 933 660 etiam
953 598 1145 661 sustentat.
1199 587 1273 660 Sed
1290 607 1341 661 ne'

292 698 457 792 ejusdem
492 700 685 773 marmoris
718 702 949 795 superficiem
989 713 1133 797 premat
1172 700 1336 796 ejusdem

291 811 471 884 columnae
487 810 667 885 directum
685 815 841 909 pondus,
856 815 1026 910 prohibet
1043 838 1205 887 marmor
1230 839 1338 911 supe·-

291 923 367 997 rius
386 925 612 1020 contignum.
666 926 854 1021 Siquidem
872 951 961 1022 ergo
985 927 1048 999 illa
1072 950 1256 1000 marmora
1284 930 1337 1001 sic

291 1036 515 1110 cohaereutia
539 1039 807 1112 transferantur
838 1040 876 1112 in
904 1040 1098 1136 recipiens,
1125 1052 1235 1135 atque
1262 1042 1337 1113 illic

291 1149 571 1245 suspendantur,
586 1166 719 1225 exucto
737 1164 859 1224 autem
881 1176 966 1225 aere
996 1176 1154 1225 marmor
1186 1152 1337 1227 inferius

291 1286 375 1334 cum
388 1263 573 1356 superiore
588 1264 775 1337 cohaerere
789 1265 944 1351 desinat,
956 1265 1116 1338 dubitari
1130 1289 1204 1338 non
1215 1278 1338 1361 potest

291 1377 379 1471 quin
415 1400 526 1449 causa
555 1378 741 1474 assignata
775 1401 861 1450 vera
893 1377 951 1451 sit.
1014 1379 1062 1450 Et
1091 1379 1269 1451 translata
1298 1379 1337 1452 in

290 1488 471 1585 recipiens
494 1489 609 1579 suere,
627 1491 693 1563 sed
710 1493 788 1570 siue
806 1515 979 1564 successu
1008 1505 1217 1587 expectato.
1270 1492 1337 1564 Ni-

290 1603 367 1675 hilo
393 1605 491 1677 enim
522 1606 638 1700 magis
668 1606 857 1679 desierunt
885 1607 1094 1678 cohaerere:
1122 1605 1230 1694 sorte,
1250 1605 1337 1702 qnia

290 1741 365 1789 non
383 1717 471 1789 satis
489 1717 774 1814 benacoaptata
789 1719 946 1792 fuerant.

341 1830 390 1902 Α.
418 1831 509 1919 Imo‚
529 1831 614 1927 quia
631 1832 723 1905 nihil
741 1833 825 1906 istic
843 1844 921 1905 erat
940 1833 1038 1928 quod
1057 1846 1185 1928 ageret
1201 1845 1338 1906 atmos-

289 1943 424 2038 phaerae
436 1945 591 2039 pondus.
629 1946 890 2042 Experimento
907 1945 977 2019 hoc
991 1946 1194 2040 excogitari
1206 1959 1337 2019 contra

290 2057 500 2152 opinionem
529 2081 669 2146 eorum,
689 2060 753 2155 qui
770 2083 924 2132 vacuum
953 2073 1135 2146 asserunt,
1153 2058 1253 2132 aliud
1276 2082 1336 2131 ar-

288 2184 506 2266 gumentum
522 2172 656 2245 fortius
670 2187 734 2245 aut
748 2173 953 2247 evidentius
968 2197 1041 2245 non
1061 2172 1194 2268 potuit.
1238 2171 1336 2245 Nam

290 2286 321 2361 si
339 2285 496 2356 duorum
514 2285 777 2359 cohaerentium
796 2285 1015 2360 alterutrum
1032 2285 1235 2357 secundum
1254 2309 1337 2358 eam

288 2397 398 2485 viam,
416 2397 453 2469 in
473 2420 546 2492 qua
560 2398 687 2492 jacent
704 2400 793 2494 ipsae
811 2400 995 2494 contiguae
1013 2399 1234 2493 superficies,
1252 2422 1337 2493 pro-

289 2510 435 2605 pulsum
464 2522 572 2597 esset,
591 2509 698 2581 facile
717 2523 989 2605 separarentur,
1009 2534 1093 2582 aere
1110 2511 1278 2605 proximo
1297 2510 1335 2582 in

288 2622 410 2694 locum
429 2622 599 2694 relictum
624 2623 825 2695 successive
851 2647 994 2718 semper
1020 2624 1209 2696 influente.
1263 2623 1335 2694 Sed

288 2735 350 2805 illa
367 2736 420 2806 ita
441 2734 625 2821 divellere,
649 2749 691 2806 ut
722 2735 827 2807 simul
856 2749 976 2807 totum
1005 2737 1217 2807 amitterent
1248 2760 1336 2807 cou-

289 2861 439 2932 tactum,
455 2848 676 2942 impossibile
692 2864 786 2921 esset
806 2850 943 2921 mundo
962 2850 1082 2945 pleno.
1135 2850 1335 2943 Oporteret

288 2960 384 3031 enim
403 2975 467 3031 aut
485 2975 626 3032 motum
649 2963 729 3033 fieri
755 2963 801 3034 ab
826 2987 901 3033 uno
923 2964 1080 3034 termino
1099 2962 1146 3033 ad
1165 2963 1275 3033 alium
1297 2963 1335 3033 in

288 3073 459 3159 instante,
474 3085 538 3146 aut
556 3075 629 3146 duo
648 3099 803 3169 corpora
817 3076 945 3146 eodem
966 3087 1130 3169 tempore
1149 3075 1185 3145 in
1206 3076 1335 3146 eodem

288 3210 365 3258 esse
384 3187 488 3269 loco;
517 3210 672 3282 quorum
700 3188 879 3259 utrumvis
902 3189 1022 3259 dicere
1049 3199 1106 3259 est
1123 3188 1334 3259 absurdum.

289 3300 447 3372 Causam
477 3315 600 3371 autem
622 3325 729 3394 qnam
762 3301 962 3396 assignant,
988 3300 1070 3371 vide
1102 3313 1192 3394 quot
1220 3325 1335 3395 quan-

286 3413 405 3508 tisque
431 3413 672 3485 incommodis
700 3414 853 3486 laboret.
905 3414 953 3484 Et
978 3414 1097 3507 primo
1127 3413 1335 3484 columnam

286 3526 386 3599 illam
414 3527 743 3621 atmosphaericam,
764 3551 872 3621 quam
903 3525 1108 3620 superficiei
1137 3527 1335 3620 superioris

287 3641 479 3711 marmoris
498 3639 606 3711 inniti
624 3639 765 3727 volunt,
784 3664 865 3734 quae
883 3650 1098 3733 sequuntur.
1149 3640 1335 3711 Confiten-

288 3766 348 3824 tur
366 3754 463 3825 enim
481 3763 560 3824 tum
579 3753 660 3848 ipsi,
688 3768 768 3825 tum
789 3754 851 3825 alii
870 3777 1007 3840 omneS,
1026 3752 1334 3846 ponderationem

286 3891 432 3939 omnem
448 3877 620 3938 conatum
638 3889 717 3938 esse
735 3890 801 3961 per
818 3866 933 3937 lineas
952 3878 1071 3936 rectas
1089 3865 1334 3960 undequaque

288 3979 333 4050 ad
358 3991 526 4050 centrum
544 3990 677 4062 terrae3
705 3991 742 4051 et
768 3978 935 4074 proinde,
953 4002 1026 4049 non
1045 4002 1111 4072 per
1126 3978 1334 4073 cylindrum

286 4090 344 4161 vel
363 4093 569 4164 columnam
588 4093 680 4180 fieri,
702 4092 766 4163 sed
783 4115 849 4186 per
867 4090 1106 4185 pyramidem,
1129 4093 1233 4186 cujus
1252 4115 1336 4163 ver-

288 4213 349 4274 tex
378 4216 432 4275 est
460 4220 627 4277 centrum
656 4219 789 4286 terrae;
818 4205 926 4290 basis,
944 4227 1029 4298 pars
1054 4205 1259 4298 superficiei
1278 4218 1335 4276 at-

288 4318 513 4412 mosphaerae.
567 4320 696 4412 Itaque
715 4318 745 4389 si
764 4317 923 4413 pyramis
942 4317 1004 4388 illa
1016 4330 1160 4390 secetur
1177 4342 1198 4389 a
1215 4318 1336 4390 cohae-
