2946 5010
316 410 391 479 358
590 426 870 481 nnonnsuana
888 428 1083 483 rnrsrcs.

132 618 201 663 cnr.
215 620 270 663 vu.
317 590 397 668 diat
418 591 634 691 magnitudo
660 594 846 691 ponderis,
873 595 1136 673 admoveatur:
1162 606 1358 694 propterea

103 688 275 811 &ss
317 704 418 803 quod
433 717 555 781 motus
571 708 818 797 eorumdum
845 709 943 784 inter
959 732 999 785 se
1023 709 1174 799 distant,
1191 720 1358 807 tempore

101 814 247 875 ΝΜ
260 818 527 895 “differentes
556 843 596 895 se
624 832 755 899 mutuo
780 835 917 921 cogent
945 822 994 899 ad
1018 835 1188 898 centrum
1209 822 1358 918 aliquod

316 955 523 1009 commuue.
566 933 677 1010 Quod
691 934 723 1009 si
734 934 873 1009 ferrum
886 936 934 1010 ad
947 948 1156 1033 magnetem
1168 934 1357 1019 ascendat,

316 1070 410 1147 opus
426 1047 498 1122 erit
514 1058 560 1123 ut
580 1059 647 1123 ant
672 1049 813 1145 majore
828 1049 878 1139 vi,
895 1062 960 1125 aut
984 1051 1122 1147 majore
1144 1048 1358 1145 propinqui-

315 1171 405 1250 tate,
431 1159 577 1259 pondus
597 1160 688 1235 ferri
710 1160 804 1258 lapis
818 1163 965 1247 vincam
989 1173 1081 1237 tuno
1110 1184 1198 1236 vero
1219 1162 1358 1236 ferrum

316 1273 365 1350 od
387 1286 599 1373 magnetem
626 1274 764 1349 assiliat
790 1286 898 1351 tanta
918 1275 1125 1364 velocitate,
1151 1287 1292 1370 quanta
1310 1275 1357 1348 ab

316 1386 445 1463 eadem
472 1386 667 1463 altitudine
692 1386 933 1463 descenderet
952 1388 1001 1463 nd
1027 1400 1176 1463 terram.
1229 1388 1304 1462 Sed
1327 1388 1359 1461 si

315 1512 397 1575 tum
414 1499 602 1596 inpiatum
619 1499 758 1574 ferrum
775 1524 885 1598 snper
902 1524 1036 1598 aquam
1053 1511 1168 1589 natet,
1186 1499 1359 1575 attractio

316 1613 470 1689 visibilis
496 1612 569 1688 erit
589 1613 629 1687 in
651 1614 790 1711 majore
818 1612 1015 1688 distantia:
1041 1625 1237 1711 propterea
1260 1613 1359 1708 quod

316 1724 622 1825 Mpedimentnm
650 1726 751 1823 qnod
780 1739 838 1802 est
869 1726 908 1799 in
935 1725 1100 1823 pondere
1129 1726 1359 1823 aliquatenus

315 1851 540 1915 removetur.

367 1952 415 2029 A.
442 1952 551 2028 Unde
573 1950 746 2049 estquod
769 1974 921 2049 magnes
947 1950 1036 2026 dum
1054 1963 1158 2027 natat
1181 1976 1255 2027 non
1281 1952 1360 2049 qni-

319 2068 423 2157 escit,
440 2066 560 2142 donee
575 2088 616 2139 se
637 2064 791 2162 praecise
811 2064 851 2139 in
873 2063 1076 2139 meridiano
1099 2064 1359 2139 collocaverit?

370 2179 419 2255 B.
446 2180 533 2255 Nou
559 2201 599 2254 se
625 2202 770 2275 semper
799 2176 957 2253 collocat
981 2177 1021 2251 in
1049 2177 1264 2268 meridiano,
1294 2178 1359 2252 sed

317 2294 454 2391 ubique
468 2293 547 2367 fere
564 2315 650 2366 eum
668 2289 877 2366 deviatione
893 2289 1028 2387 aliqua.
1063 2290 1220 2365 Causam
1237 2303 1359 2366 autern

318 2431 399 2483 esse
425 2416 528 2503 puto,
552 2404 652 2503 quod
679 2403 759 2479 axis
786 2416 910 2479 motus
937 2404 1138 2500 magnetici
1165 2404 1361 2501 parallelus

320 2544 465 2617 semper
489 2532 548 2592 est
567 2518 627 2591 axi
651 2518 853 2614 ecliptica:
880 2518 1065 2607 nimirum,
1083 2518 1145 2591 axi
1172 2531 1294 2591 motus
1312 2519 1360 2591 si-

319 2632 415 2705 milis
431 2632 471 2705 in
488 2643 599 2716 terra,
617 2644 723 2705 extra
741 2655 850 2726 quem
867 2631 977 2705 situm
995 2643 1097 2705 motu
1115 2655 1181 2704 sno
1198 2633 1361 2728 gaudere

320 2769 394 2819 non
408 2757 542 2842 potest.

369 2859 419 2930 A.
446 2858 652 2931 Consensns
670 2871 837 2932 motuum
855 2859 894 2933 in
912 2871 1010 2932 terra
1024 2870 1062 2932 et
1077 2872 1248 2955 magnete
1262 2858 1361 2932 unde

321 3086 462 3171 dicunt,
479 3108 588 3179 quarn
607 3109 781 3182 magnum
799 3082 1036 3180 magnetem?

372 3197 418 3272 B.
446 3197 647 3286 Gilbertus‚
666 3222 792 3271 eorum
807 3199 869 3294 qui
887 3197 932 3269 de
951 3210 1121 3292 magnete
1136 3199 1363 3295 scripserunt

320 3311 559 3409 probabiliter
584 3312 736 3407 primus
754 3311 806 3383 sic
832 3311 986 3406 putavit.
1049 3310 1234 3383 (lartesius
1258 3311 1361 3384 tellu-

321 3450 398 3499 rem
413 3424 577 3520 ejusdem
591 3436 733 3497 nuturae
745 3448 824 3497 esse
835 3424 977 3497 censuit
990 3447 1073 3496 oum
1085 3424 1227 3496 eaeteris
1239 3425 1361 3512 astris,

325 3542 495 3634 (excepta
517 3560 659 3609 summa
679 3538 757 3631 ejus
780 3536 902 3609 scabie
925 3560 1000 3608 non
1018 3535 1124 3608 valde
1148 3536 1362 3631 profunda),

322 3669 360 3727 et
394 3650 657 3749 splendescere.
721 3650 801 3745 Ego
836 3649 927 3722 nihil
961 3649 1108 3722 definio.
1175 3650 1363 3743 Magnetis

322 3777 446 3839 autem
463 3764 638 3835 virtutem
656 3761 743 3834 oriri
768 3761 879 3834 credo
905 3762 950 3833 ab
978 3761 1107 3834 habitu
1135 3761 1276 3856 inipso
1299 3764 1362 3832 mi-

323 3903 412 3952 nera
434 3876 645 3972 longissimo
671 3886 837 3972 tempore
859 3875 1052 3970 acquisito,
1071 3890 1223 3971 propter
1252 3877 1364 3949 situm

322 3993 361 4065 in
388 3991 510 4086 aliquo
538 3988 752 4077 meridiano,
776 3988 833 4060 vel
860 3989 982 4084 potius
1010 3988 1048 4060 in
1074 3989 1195 4086 aliquo
1223 3989 1363 4061 circulo

322 4104 481 4177 maximo
505 4126 631 4175 eorum
649 4101 710 4197 qui
736 4112 929 4174 transeunt
951 4125 1018 4197 per
1042 4101 1146 4196 polos
1170 4102 1365 4197 ecliptieae,

322 4216 385 4310 qui
402 4216 476 4312 poli
503 4214 612 4287 iidem
639 4225 724 4286 sunt
748 4237 832 4286 eum
849 4213 943 4310 polis
968 4227 1088 4287 motus
1111 4214 1236 4287 similis
1254 4240 1365 4310 quem

323 4330 360 4401 in
378 4342 477 4403 terra
494 4328 758 4425 supposuimus
