2946 5010
304 397 373 479 17⁴
519 415 790 469 axammarro
810 417 861 468 ar
880 416 1127 469 nmannlrro

112 606 262 649 oritanus
300 585 476 659 essehoc
501 586 715 681 geometriae
741 582 1014 658 indivisibilium
1038 581 1247 670 ‘Cavallerii
1276 585 1339 679 qni

115 689 259 792 ,ζμ
298 722 367 795 per
382 697 617 775 indivisibilia
632 697 807 793 intelligit
824 697 991 770 indivisa.

348 808 397 884 B.
422 811 569 886 Falsum
586 835 731 909 quoque
748 824 805 885 est
821 811 920 907 quod
936 810 1038 899 dicit,
1056 809 1203 905 planum
1222 808 1338 904 quod-

298 922 390 998 libet
411 925 565 999 conflari
587 949 633 999 ex
660 925 814 999 infinitis
843 923 1193 1020 parallelogrammis
1218 946 1339 1019 aequa·

298 1035 406 1110 libus.
448 1038 578 1135 Neque
591 1039 690 1112 enim
704 1038 878 1134 trianguli
893 1047 1065 1111 constant
1082 1060 1128 1108 ex
1146 1035 1339 1132 parallelo-

298 1151 484 1246 grammis,
519 1152 583 1225 sed
618 1176 663 1225 ex
698 1150 896 1248 trapeziis;
936 1174 1056 1246 neque
1089 1151 1204 1222 ullum
1239 1150 1340 1223 aliud

297 1261 449 1358 planum
467 1287 512 1337 ex
529 1264 876 1362 parallelogrammis
894 1275 1050 1352 constat,
1067 1275 1203 1359 praeter
1219 1264 1339 1358 paral-

297 1373 588 1472 lelogrammum.
632 1379 762 1475 Neque
780 1377 946 1473 sequitur
963 1401 1009 1450 ex
1027 1376 1196 1450 doctrina
1212 1376 1340 1450 Caral-

298 1485 391 1578 lerii,
414 1489 509 1563 sicut
534 1514 579 1564 ex
606 1487 777 1565 doctrina
806 1490 876 1563 hac
900 1489 1068 1578 Wallisii,
1094 1488 1230 1562 1111110111
1257 1514 1339 1562 esce

298 1601 546 1700 aromataque
566 1602 679 1702 plani
706 1602 952 1677 altitudinem.
1014 1602 1221 1699 Propositio
1249 1627 1338 1699 ergo

297 1714 417 1810 prima
432 1716 524 1790 nihil
541 1718 632 1814 egit.
1005 1725 1010 1733 '

346 1828 396 1902 A.
422 1829 523 1904 Dicit
545 1831 700 1906 fortasse
721 1831 819 1905 idem
846 1829 982 1904 sentire
1008 1853 1047 1903 se
1078 1829 1179 1926 quod
1209 1829 1337 1903 01111-

297 1941 420 2025 larius,
446 1966 590 2040 nempe,
618 1968 698 2017 esse
725 1942 938 2016 altitudines
968 1965 1119 2016 suorum
1146 1941 1337 2038 parallelo-

296 2076 546 2150 grammorum
562 2057 706 2130 infinite
725 2080 922 2154 parvorum
947 2080 1023 2129 non
1039 2080 1190 2153 prorsus
1206 2057 1336 2144 nullas,

298 2167 363 2241 sed
379 2168 486 2242 valde
503 2170 667 2266 exiguas.

346 2278 393 2354 B.
422 2283 522 2357 auid
539 2307 627 2380 ergo
645 2307 736 2379 opus
755 2294 836 2357 erat
860 2283 995 2372 dicere,
1013 2282 1156 2376 definite
1177 2305 1336 2381 paruas,

298 2416 382 2467 cum
412 2396 615 2469 suffecisset
654 2395 788 2468 dixisse
830 2418 906 2468 non
948 2393 1265 2467 consideraturum
1299 2418 1337 2465 11

297 2505 444 2580 1110111111
461 2508 675 2581 altitudines
691 2520 734 2580 ut
753 2506 1000 2604 quantitates?
1043 2505 1185 2579 Deinde
1199 2507 1336 2602 Propo-

298 2618 432 2693 sitione
455 2621 627 2710 secunda,
655 2621 718 2693 ubi
736 2621 988 2693 demonstrare
1005 2619 1083 2692 vult
1112 2620 1336 2714 triangulum

297 2741 417 2803 totum
434 2733 573 2829 aequale
591 2758 669 2807 esse
687 2735 855 2806 omnibus
878 2734 958 2805 basi
984 2733 1177 2828 parallelis,
1203 2756 1336 2829 suppo-

296 2843 425 2940 nitqne
439 2846 662 2942 triangulum
681 2847 838 2919 divisum
851 2869 930 2918 esse
945 2847 982 2917 in
995 2845 1337 2942 parallelogramma

297 2955 508 3032 altitudines
537 2961 712 3033 habentia
739 2960 881 3032 infinite
908 2984 1062 3055 parvas;
1094 2972 1131 3032 et
1161 2961 1246 3055 quia
1275 2961 1336 3031 illa

295 3071 635 3167 parallelogramma
662 3085 748 3146 sunt
774 3074 1004 3146 arithmetice
1034 3073 1333 3169 proportionalia,

296 3183 494 3275 concludit,
522 3186 734 3282 etquidem
764 3199 876 3275 recte,
905 3209 950 3258 ea
979 3185 1086 3258 simul
1116 3186 1238 3258 omnia
1265 3187 1335 3257 toti

296 3297 479 3393 triangulo
497 3321 575 3372 esse
593 3298 770 3393 aequalia:
797 3298 1062 3387 animadverto,
1089 3297 1187 3391 quod
1206 3298 1236 3370 si
1254 3298 1335 3370 alti-

296 3407 440 3483 tudines
457 3410 568 3484 nullae
586 3410 669 3500 sint,
691 3424 735 3484 ut
758 3413 789 3484 is
812 3411 996 3508 supponit,
1024 3409 1125 3483 nulla
1153 3412 1223 3483 erit
1252 3436 1335 3507 pro-

295 3523 416 3618 portio
433 3524 676 3612 arithmetica,
698 3524 770 3597 nisi
789 3532 825 3614 0,
843 3533 879 3612 0,
897 3534 932 3613 0,
951 3532 987 3612 0,
1006 3535 1088 3607 etc,
1120 3523 1194 3596 sint
1221 3524 1335 3596 arith-

295 3636 428 3709 metice
464 3637 767 3734 proportionales.
832 3637 962 3734 Neque
1005 3646 1114 3709 erunt
1146 3637 1334 3732 parallelo-

294 3773 461 3845 gramma
483 3750 553 3824 toti
571 3751 754 3848 triangulo
771 3751 938 3847 aequalia,
964 3751 1036 3824 nisi
1054 3750 1227 3824 infinities
1244 3749 1334 3823 nihil

294 3863 413 3958 possit
429 3887 506 3937 esse
524 3865 664 3960 aequale
681 3865 790 3938 alicui
808 3865 861 3937 rei
876 3895 885 3949 ;
912 3888 1032 3961 neque
1058 3865 1089 3937 si
1109 3889 1177 3960 per
1194 3864 1334 3957 diffinite

288 3998 451 4071 parvam
467 3977 639 4074 intelligit
656 3976 844 4075 exiguam,
862 4002 1011 4051 necesse
1032 3989 1112 4050 erat
1134 3977 1254 4049 facere
1271 3974 1333 4045 illa

295 4087 439 4183 exigna.
504 4091 562 4163 An
586 4093 625 4164 in
651 4092 793 4164 ratione
821 4092 1053 4164 arithmetica
1076 4113 1152 4162 non
1178 4088 1332 4159 fuissent

296 4200 367 4271 toti
383 4224 458 4274 non
475 4204 640 4297 aequalia,
659 4206 689 4278 si
709 4204 922 4277 altitudines
948 4202 1196 4300 supposuisset
1224 4222 1331 4294 quas-

296 4313 466 4409 cunque?
517 4315 611 4390 Tota
627 4340 715 4411 ergo
733 4316 812 4389 haec
835 4317 1037 4414 propositio
1058 4315 1203 4389 unicam
1221 4312 1332 4386 habet
