2946 5010
263 366 336 435 286
581 381 636 434 nn
655 382 827 435 maruan
847 381 984 433 naurs.

263 573 512 647 supponamus
530 549 715 638 cumillis,
734 548 884 623 duritiei
901 571 1049 622 causam
1067 571 1146 622 esse
1164 549 1306 645 magni-

262 663 429 737 tudinem
456 675 522 735 aut
545 662 750 736 crassitiem
774 663 959 757 partium:
987 685 1096 758 quam
1124 662 1307 734 rationem

262 775 418 850 reddere
444 775 648 873 poterimus
670 799 736 848 cur
758 773 885 848 durior
901 774 959 847 vel
982 775 1123 847 firmior
1146 774 1195 847 sit
1211 799 1308 871 aqua

264 888 469 986 congelata,
502 913 612 987 quarn
646 901 702 961 est
736 887 864 961 eadem
898 911 994 984 aqua
1020 898 1106 960 ante
1136 888 1307 983 congela-

262 1002 431 1076 tionem?

314 1115 364 1188 B.
390 1112 560 1189 Viderint
577 1113 642 1187 illi.
693 1113 773 1210 Ego
796 1112 895 1187 euim
921 1113 1050 1188 alienae
1066 1113 1307 1210 philosopbiae

265 1240 436 1302 narrator
453 1228 534 1316 tibi,
552 1251 627 1300 non
645 1224 816 1299 defensor
833 1250 925 1299 sum.

313 1339 360 1414 A.
388 1342 571 1414 Praeterea
593 1363 677 1436 quae
696 1339 792 1413 ratio
810 1338 1093 1436 diaphaueitatis
1119 1337 1224 1411 reddi
1241 1361 1307 1434 po-

264 1464 339 1530 test
356 1477 552 1550 corporum
570 1475 709 1541 eorum,
726 1475 795 1548 per
811 1475 893 1548 quae
911 1463 1146 1547 transpareut
1163 1452 1309 1547 objecta

266 1566 556 1641 omniavisibilia
571 1589 645 1638 non
664 1565 784 1639 miuus
796 1565 970 1639 distincta
983 1590 1092 1662 quarn
1101 1588 1169 1662 per
1185 1589 1308 1638 aerem

265 1679 525 1777 purissimum?
578 1679 675 1751 Nam
700 1679 731 1750 si
756 1678 893 1751 vitrum
920 1690 986 1752 aut
1013 1678 1195 1751 cristallus
1220 1702 1309 1762 con-

265 1792 409 1867 sisteret
426 1816 470 1865 ex
489 1791 590 1865 duris
607 1791 833 1888 corpusculis
850 1791 1019 1881 hamatis,
1033 1791 1226 1888 perplexis,
1245 1803 1309 1864 aut

266 1904 595 2005 quomodocunque
621 1904 720 2000 poris
746 1902 951 2000 disjunctis,
968 1905 1191 2001 impossibile
1214 1916 1310 1978 esset

265 2030 309 2094 ut
324 2018 419 2093 radii
435 2018 528 2092 lueis
545 2018 746 2091 transirent
766 2041 832 2114 per
850 2017 1070 2114 diaphannm
1090 2018 1309 2114 sphaericum

266 2132 345 2207 sine
361 2131 471 2206 variis
488 2131 759 2220 reflexionibus,
777 2131 910 2229 quibus
938 2129 1028 2205 ordo
1053 2131 1214 2227 partium
1231 2143 1309 2203 tnr-

266 2245 427 2336 baretnr,
446 2256 484 2318 et
510 2245 663 2318 confusa
685 2246 791 2318 fieret
814 2246 931 2319 visio:
957 2244 1056 2342 quod
1083 2245 1310 2341 experientia

267 2358 481 2458 quotidiana
497 2358 660 2432 ostendit
677 2381 756 2432 esse
772 2357 916 2433 falsum.

317 2472 366 2545 B.
393 2471 739 2568 Experimentorum
751 2495 833 2567 quae
849 2470 1001 2543 fecimus
1019 2483 1084 2543 aut
1101 2470 1304 2566 recepimus

268 2586 462 2659 observatu
493 2584 616 2679 digna,
638 2608 681 2656 ea
706 2597 793 2657 sunt
818 2585 1011 2681 (quantum
1037 2586 1202 2679 memini)
1228 2608 1309 2680 qnae

263 2701 341 2795 jam
359 2696 479 2769 retuli.

317 2807 362 2880 A.
391 2810 447 2881 De
467 2809 628 2903 quaesitis
646 2821 769 2882 autem
788 2809 886 2882 circa
902 2823 1072 2883 naturam
1087 2834 1208 2882 rerum
1225 2809 1310 2882 nliu-

267 2945 362 3010 rum,
390 2921 478 3018 quid
504 2924 699 2994 statuunt?
752 2925 800 2996 Et
825 2925 956 3019 primo,
982 2948 1133 3019 magnes
1157 2947 1228 3019 qno
1254 2923 1310 2993 in-

268 3046 485 3122 strument0,
509 3059 581 3132 quo
609 3047 723 3124 motu,
748 3038 902 3110 attrahit
918 3038 976 3110 vel
1002 3038 1119 3132 abigit
1145 3036 1309 3108 ferrum?

270 3147 371 3222 Quid
397 3147 500 3220 illum
530 3147 577 3220 ad
604 3149 845 3221 meridianum
862 3151 1035 3246 applicat,
1054 3151 1091 3221 iu
1110 3148 1310 3222 meridiano

268 3261 448 3335 inclinat?
502 3262 593 3335 Quis
620 3274 753 3351 motor,
775 3287 848 3359 quo
872 3275 986 3353 motu,
1015 3287 1146 3358 aquam
1173 3288 1192 3334 e
1218 3263 1311 3335 mari

269 3386 308 3448 et
323 3376 535 3448 fluminibus
553 3376 591 3448 in
609 3377 723 3448 nubes
741 3377 927 3468 transfert,
947 3388 1011 3449 aut
1028 3401 1048 3448 e
1066 3376 1248 3448 radicibus
1273 3377 1311 3448 iu

270 3489 440 3561 arborum
460 3489 714 3562 summitates?
768 3489 841 3561 Ubi
867 3502 953 3560 snut
980 3490 1312 3585 pulmonesvento-

269 3601 376 3673 rum?
430 3602 522 3675 Quis
548 3614 682 3693 motor,
700 3627 772 3700 quo
801 3614 916 3693 motu,
939 3605 1065 3676 oceani
1090 3615 1199 3676 aestns
1223 3602 1312 3674 facit

270 3725 309 3787 et
343 3728 497 3787 aestuum
528 3715 749 3788 varietates?
804 3716 896 3798 Quae
931 3741 1126 3812 corporum
1156 3718 1312 3788 varietas

270 3827 485 3900 varietatem
512 3828 623 3900 efficit
648 3828 801 3901 odorum
826 3842 864 3902 et
887 3832 1085 3927 saporum?
1138 3829 1313 3926 Liquores

271 3940 387 4036 quiin
407 3940 512 4013 oculo
540 3939 638 4013 idem
666 3942 839 4031 efficiunt,
866 3967 931 4015 eur
948 3944 987 4016 in
1005 3944 1148 4016 caeteris
1166 3943 1312 4038 organis

272 4050 517 4125 diversissima
529 4054 751 4148 operantur?
778 4054 917 4127 Lumen
936 4056 1119 4152 quidest?
1147 4057 1260 4152 Aqno
1275 4065 1312 4127 et

271 4186 344 4257 quo
362 4178 462 4237 motu
477 4180 688 4263 generatur,
706 4166 900 4262 frangitur,
919 4180 956 4240 et
969 4169 1155 4241 flectitur?
1200 4170 1311 4241 Phar-

271 4299 375 4350 maca
399 4304 469 4374 quo
498 4290 601 4353 motu
631 4283 858 4376 operantur?
911 4284 995 4356 Qua
1013 4284 1183 4377 Gorgone
1200 4284 1311 4377 ligna,
