2946 5010
392 434 972 487 mnruunnmcmnonrunnm.
1136 421 1205 486 221

166 598 262 672 basis
276 599 321 671 ab
332 597 469 687 basem,
485 599 539 690 (id
550 613 617 688 est,
632 600 799 674 diametri
817 603 914 675 basis
928 603 975 676 ad
986 602 1208 674 diametrum
1250 623 1401 666 numam

167 711 263 784 basis
282 711 501 807 duplicata),
519 725 557 785 et
581 713 785 786 altitudinis
804 713 877 788 DB
905 716 953 788 ad
977 714 1208 787 altitudinem
1250 705 1393 810 L

166 824 249 896 DF.
302 825 398 897 Sunt
419 838 541 898 autem
569 838 680 900 rectae
705 826 788 915 DF,
822 826 906 914 DB,
939 828 1003 901 Du
1033 828 1208 901 continue

165 938 459 1034 proportionales
472 939 589 1034 (prop.
601 941 650 1032 x).
685 941 751 1012 Est
768 940 881 1036 igitur
893 942 989 1014 basis
1007 942 1053 1014 ab
1070 942 1208 1031 basem,

165 1065 208 1124 ut
226 1050 297 1123 DF
316 1051 363 1123 ad
385 1050 459 1124 Du.
526 1052 768 1148 Componitur
797 1076 884 1148 ergo
914 1054 1009 1127 ratio
1040 1054 1210 1150 cylindri,

165 1165 253 1237 facti
288 1190 311 1238 a
341 1165 581 1238 conversione
615 1166 715 1262 plani
733 1163 808 1241 DG
844 1167 943 1239 circa
976 1166 1210 1241 altitudinem

165 1279 355 1375 proprium
374 1277 458 1368 DB,
478 1278 525 1351 ad
550 1279 756 1375 cylindrum
774 1279 913 1352 sactum
931 1305 953 1353 a
971 1281 1211 1355 conversione

165 1392 264 1464 cirea
280 1392 512 1465 altitudinem
528 1393 715 1488 propriam
730 1391 814 1482 DF,
831 1417 877 1466 ex
902 1393 1105 1467 rationibus
1130 1394 1212 1467 alti-

165 1505 303 1579 tudinis
322 1504 394 1577 DF
412 1506 461 1578 ad
479 1506 553 1592 Du,
572 1517 609 1578 et
631 1504 703 1578 DB
728 1505 897 1580 diametri
926 1507 1022 1580 basis
1047 1506 1095 1579 ad
1125 1505 1211 1596 DF,

165 1620 236 1691 hoc
253 1629 322 1706 est,
352 1631 465 1692 rectae
485 1618 549 1691 Du
574 1618 622 1691 ad
648 1618 880 1691 altitudinem
908 1618 993 1692 DB.
1046 1620 1086 1693 Si
1113 1645 1211 1694 com·

164 1743 351 1827 ponantur
368 1755 457 1828 ergo
475 1733 571 1805 ratio
591 1731 662 1804 BD
681 1731 728 1804 ad
746 1732 823 1821 Du,
845 1732 984 1823 (idest,
1002 1734 1098 1806 ratio
1113 1735 1209 1808 basis

165 1845 210 1916 ab
229 1845 385 1936 basem),
403 1858 442 1917 et
459 1845 553 1917 ratio
573 1843 646 1918 DB
664 1844 711 1917 ad
725 1844 809 1933 DF,
827 1845 866 1917 id
891 1857 959 1933 est,
977 1845 1043 1918 Du
1059 1846 1106 1919 ad
1124 1846 1210 1938 DB,

165 1958 236 2030 erit
251 1957 346 2030 ratio
360 1957 516 2054 cylindri
533 1958 622 2030 iacti
639 1981 662 2029 a
680 1959 920 2031 conversione
946 1958 1112 2054 ejusdem
1132 1983 1212 2034 rec·

164 2071 308 2166 tanguli
326 2069 402 2147 DG
420 2072 519 2144 circa
537 2070 622 2161 DB,
637 2072 684 2144 ad
702 2069 908 2167 cylindrum
925 2073 1064 2145 iactum
1082 2097 1104 2145 a
1121 2096 1209 2146 con·

164 2186 332 2258 versione
350 2185 514 2280 ejusdem
534 2185 741 2281 rectanguli
767 2186 866 2258 circa
884 2184 966 2274 DF,
997 2186 1035 2257 in
1065 2186 1209 2259 ratione

165 2299 369 2393 composita
386 2323 431 2371 ex
448 2299 652 2372 rationibus
670 2297 741 2371 DF
755 2298 803 2372 ad
818 2298 894 2386 Du,
912 2310 950 2370 et
965 2298 1030 2371 Du
1047 2298 1094 2372 ad
1112 2297 1208 2382 DB;

165 2422 203 2482 et
220 2424 428 2508 propterea,
448 2412 635 2507 cylindrus
651 2412 698 2485 ad
724 2412 942 2508 cylindrum,
960 2425 999 2485 et
1015 2411 1170 2508 proinde
1189 2424 1209 2504 l

166 2522 263 2596 illius
281 2523 328 2596 ad
347 2524 365 2603 i
383 2525 505 2619 hujus,
525 2537 582 2597 est
605 2536 646 2598 ut
675 2522 745 2596 DF
775 2523 824 2598 ad
852 2522 936 2596 DB.
989 2524 1101 2598 Quod
1130 2535 1212 2597 erat

165 2628 505 2710 demonstrandum.

215 2747 261 2822 B.
289 2750 328 2822 Si
346 2763 487 2822 certum
506 2761 603 2823 esset
628 2749 727 2846 quod
754 2750 909 2844 cylindri
935 2765 1022 2824 suut
1047 2751 1144 2823 iuter
1170 2774 1209 2824 se

166 2862 204 2934 in
222 2863 365 2937 ratione
382 2864 586 2960 composita
604 2888 649 2937 ex
673 2865 876 2937 rationibus
892 2865 989 2937 basis
1007 2865 1055 2937 ad
1072 2864 1209 2954 basem,

165 2988 201 3048 et
229 2976 434 3049 altitudinis
451 2976 498 3049 ad
518 2976 763 3064 altitudinem,
788 2977 949 3050 dubitari
980 3002 1056 3050 non
1086 2990 1211 3074 posset

166 3087 212 3160 de
231 3090 469 3162 theorematis
496 3090 605 3186 hujus
624 3090 791 3163 veritate.
845 3090 919 3163 Sed
953 3091 1018 3162 ubi
1053 3101 1109 3162 est
1139 3091 1210 3164 hoc

166 3200 456 3275 demonstratum
470 3203 482 3274 Ρ

216 3316 264 3388 Α.
293 3315 571 3388 Demonstravit
599 3315 782 3399 Hobbius,
811 3314 904 3388 libro
933 3336 986 3387 uu
1017 3334 1210 3388 consona

168 3429 263 3524 (cap.
293 3429 369 3516 xiii,
399 3441 468 3501 art.
507 3430 581 3519 14).
634 3427 743 3501 Quod
775 3439 885 3523 caput
919 3429 997 3523 ipse
1025 3426 1211 3500 Wallisius

164 3565 239 3614 non
258 3542 491 3637 improbavit,
510 3540 575 3613 sed
592 3539 678 3635 quia
695 3539 786 3611 nibil
809 3541 847 3612 in
874 3564 917 3612 eo
945 3541 1081 3636 reperit
1112 3539 1213 3635 quod

163 3656 285 3749 potuit
321 3655 462 3743 rodere,
493 3653 631 3727 Hobbii
659 3652 772 3748 ipsius
800 3675 880 3724 esse
907 3652 1067 3748 negavit.
1124 3652 1210 3725 Non

164 3768 261 3861 quod
277 3768 436 3840 alienum
451 3790 580 3839 revera
596 3789 674 3838 esse
688 3777 849 3859 putaret,
865 3765 928 3838 sed
942 3765 1029 3862 quia
1041 3765 1211 3839 instituto

164 3881 242 3975 ejus
259 3880 408 3952 mentiri
427 3878 624 3974 expedivit.
676 3878 882 3950 Thecrema
900 3877 971 3951 hoc
998 3901 1071 3950 uon
1100 3878 1211 3952 modo

165 3993 202 4065 in
221 3994 490 4090 quantitatibus
507 3993 628 4080 iactis,
650 3990 714 4064 sed
740 3991 850 4064 etiam
878 3991 915 4063 iu
947 3991 1048 4064 omni
1074 4014 1214 4086 genere

164 4130 287 4179 rerum
314 4108 494 4179 factarum
521 4129 648 4177 verum
676 4117 743 4177 est.
796 4104 926 4199 Neque
957 4117 1036 4177 arte
1067 4105 1208 4200 logicae,

165 4219 229 4291 sed
244 4220 386 4292 ratione
405 4231 550 4290 tantum
574 4218 733 4290 naturali
759 4240 852 4312 opus
869 4229 926 4289 est
949 4217 996 4290 ad
1016 4219 1207 4292 veritatem

165 4333 244 4426 ejus
272 4330 556 4427 agnoscendam.
624 4331 720 4403 Satis
753 4330 851 4403 enim
880 4331 1113 4404 manifestum
1141 4344 1208 4417 est,
