2956 5018
359 439 673 493 uxrnnunrrcn
693 440 936 495 nonianus.
1121 427 1169 506 37

177 607 226 680 A.
255 605 387 704 Neque
404 604 636 704 syllogismus
664 610 815 706 estqui
837 609 993 684 vitiosus
1015 621 1083 703 est,
1104 635 1169 687 ne·
1207 644 1359 688 unrocus

127 744 199 818 que
216 719 395 809 definitio,
413 743 496 817 quae
513 720 657 795 vitiosa.
1209 727 1352 830 ,ζῆ

178 833 228 908 Β.
256 832 359 909 Quid
375 833 407 908 si
424 834 611 908 conclusio
632 846 818 931 sequatur,
842 838 920 911 sine
942 837 1168 931 delinitione,

125 948 325 1022 axiomata.
363 948 424 1021 An
440 971 517 1022 non
534 949 605 1023 erit
621 947 915 1025 demonstratio?

178 1061 229 1135 A.
256 1061 359 1146 Erit;
383 1060 495 1135 modo
508 1062 694 1136 axiomata
705 1062 859 1137 illatum
875 1065 1169 1157 manifestasint,

124 1186 207 1248 tum
225 1174 339 1249 etiam
356 1174 613 1266 demonstrari,
627 1175 658 1250 si
675 1177 888 1273 imperetur,
899 1178 1064 1275 possint;
1083 1204 1169 1278 qua-

124 1289 176 1362 lia
192 1298 282 1362 sunt
297 1288 483 1362 axiomata
499 1301 647 1386 sumpta
663 1290 709 1363 ab
726 1291 890 1365 Euclide.

178 1402 229 1476 Β.
257 1400 332 1475 Sed
347 1401 429 1498 ipsa
445 1401 613 1501 definitio
630 1403 816 1499 quomodo
834 1404 1021 1480 definitur.

178 1515 231 1588 A.
257 1514 433 1588 Definitio
451 1537 575 1588 nonne
592 1515 796 1612 propositio
813 1517 897 1591 est?

179 1626 229 1700 Β.
255 1627 334 1701 Est

178 1741 230 1814 A.
257 1740 392 1813 Nonne
409 1739 521 1812 etiam
533 1752 591 1814 eat
603 1739 823 1836 explicativa
835 1742 995 1816 nominis
1007 1742 1169 1816 definiti?

180 1854 231 1928 Β.
259 1853 394 1926 Etiam.

179 1967 229 2041 A.
256 1965 454 2041 Quomodo
482 1967 686 2063 explicatur
710 1991 847 2041 nomen
875 1967 1044 2065 quodvis,
1067 1967 1171 2041 verbi

125 2080 261 2178 gratia,
277 2103 413 2154 nornen
430 2079 569 2154 houm?

180 2192 229 2266 Β.
257 2193 297 2265 Si
313 2203 474 2290 ponatur
497 2216 568 2267 vox
587 2192 692 2265 homo
716 2215 785 2290 pro
812 2193 980 2289 subJecto
1005 2191 1172 2289 proposi-

125 2306 250 2397 tionis,
269 2304 402 2379 deinde
419 2328 487 2403 pro
503 2305 716 2402 praedicato,
739 2329 876 2380 nomeu
904 2305 1004 2402 quod
1029 2306 1084 2390 fit,
1107 2328 1172 2401 ag-

125 2433 324 2517 gregatum
341 2430 398 2493 est
415 2419 578 2492 omniurn
601 2419 792 2493 nominum
811 2419 944 2517 quibus
969 2420 1081 2493 homo
1098 2418 1172 2492 dis-

126 2532 310 2630 tinguitur
323 2554 348 2604 a
363 2531 473 2604 rebus
490 2531 633 2606 caeteris
652 2531 833 2606 omnibus.
869 2531 1037 2628 Exempli
1050 2554 1172 2619 causa,

127 2644 370 2741 distinguitur
396 2643 444 2719 ab
474 2645 643 2719 omnibus
666 2645 919 2720 accidentibus
945 2668 1011 2742 per
1037 2669 1173 2719 nomen

128 2782 291 2857 carpam
317 2758 495 2832 acaeteris
511 2758 727 2856 corporibus
743 2783 810 2856 per
826 2783 963 2834 nomen
979 2758 1174 2842 sentiens,-

127 2871 312 2947 acoeteris
329 2871 583 2962 sentientibus,
602 2870 677 2946 sive
697 2871 927 2959 animalibus,
949 2894 1017 2970 per
1038 2894 1173 2945 nornen

127 2983 326 3059 rationale.
391 2984 521 3081 Itaque
555 2985 586 3059 si
620 2985 785 3059 dicamus
813 2988 924 3060 horno
952 2995 1009 3060 est
1039 3007 1173 3082 corpus

128 3098 291 3172 sentiens
329 3097 520 3188 rationale,
558 3098 629 3172 erit
670 3098 734 3172 illa
766 3099 971 3197 propositio
1006 3098 1173 3193 definitio

127 3211 300 3286 hominis.
360 3211 522 3286 Nomina
543 3211 654 3302 enirn,
673 3236 756 3308 quoe
778 3211 827 3286 ad
845 3211 1057 3286 faciendum
1078 3233 1173 3307 prae-

129 3324 294 3399 dicatum
335 3334 596 3421 aggregantur,
639 3325 859 3422 complicata
900 3336 988 3399 sunt
1020 3323 1060 3397 in
1099 3346 1174 3395 una

129 3437 376 3536 appellatione
392 3436 456 3511 illa
467 3437 583 3528 homa
597 3439 791 3535 ipsumque
807 3437 995 3512 hominem
1012 3437 1059 3510 ab
1073 3435 1173 3508 omni

129 3551 258 3625 aliare
275 3550 522 3647 distinguunt,
539 3551 577 3624 id
595 3563 663 3642 est,
689 3552 780 3648 quid
796 3553 845 3625 sit
862 3550 1055 3625 definiunt.

179 3665 231 3738 A.
257 3663 373 3738 Recte
404 3663 507 3754 dicis,
537 3687 659 3761 neque
692 3665 890 3763 quicquam
921 3662 1022 3738 aliud
1051 3660 1173 3734 fecisti

128 3790 374 3877 praeterquam
396 3777 497 3874 quod
512 3778 692 3852 resolvisti
714 3803 842 3853 vocem
859 3779 963 3851 lamo
984 3777 1024 3849 in
1050 3784 1174 3872 partes

129 3915 225 3966 snas.
278 3890 421 3964 Fuisset
447 3903 572 3965 autern
601 3891 689 3965 satis
718 3891 784 3980 illi,
814 3892 877 3988 qui
905 3887 1173 3997 praedefinitum

128 4005 284 4078 haberet
297 4001 445 4091 animal,
456 4004 631 4100 posuisse,
643 4003 746 4076 homo
758 4012 815 4076 ert
829 4000 968 4076 animal
977 3992 1172 4075 rationale.

129 4117 307 4192 Definitio
325 4139 414 4213 ergo
432 4116 658 4211 dpinitioais
675 4127 850 4189 accurata
866 4115 938 4189 erit
953 4114 1055 4187 haec:
1082 4115 1173 4209 defl-

129 4231 223 4305 uitio
239 4239 298 4303 eat
312 4230 529 4328 propositio
545 4231 650 4325 cajus
667 4229 922 4328 predicatum
940 4237 999 4302 cst
1015 4227 1173 4324 subjecti

130 4343 380 4418 resolutivam.
