2946 5010
287 378 362 447 206
506 393 776 448 nxsnrnnrro
796 394 849 448 nr
868 395 1118 449 nusnnarro

100 583 248 626 ornacum
287 572 344 635 est
370 559 513 657 reliquo
541 563 671 659 spatio,
690 561 876 652 nimirum,
894 564 1013 660 spatio
1032 560 1132 659 quod
1157 560 1333 655 relinqui-

100 664 244 768 ᾧ
286 684 359 764 tur,
378 672 529 771 dempto
546 698 570 747 a
593 673 799 771 quadrante
816 675 923 749 ABG
941 674 1126 770 triangulo
1143 673 1333 746 rectilineo

284 786 404 876 ABG,
422 787 461 861 id
478 798 545 877 est,
563 788 682 884 spatio
699 789 840 862 incluso
857 789 956 862 intra
973 812 1099 862 arcum
1113 787 1180 860 BC
1191 797 1228 859 et
1246 785 1332 858 sub-

283 910 428 974 tensam
444 902 536 997 ejus.
589 900 702 977 Quod
718 911 798 976 erat
816 901 1155 976 demonstrandum.

652 1138 904 1192 Pnonoslrro
924 1140 966 1190 X.

334 1278 376 1353 Si
393 1278 506 1354 ducta
522 1279 583 1353 Bo
599 1280 828 1378 producatur
851 1278 900 1353 ad
924 1278 1042 1352 basim
1069 1276 1245 1374 cycloidis
1266 1277 1332 1348 BF

284 1390 323 1463 in
336 1415 373 1481 a,
390 1392 462 1466 erit
478 1402 582 1467 recta
599 1392 664 1467 Du
682 1393 766 1467 duae
783 1393 927 1490 quintae
949 1391 1063 1488 ipsius
1081 1391 1155 1479 DF,
1182 1392 1258 1464 sive
1276 1392 1331 1487 ip-

282 1504 358 1579 sius
375 1527 483 1579 arcus
511 1504 629 1579 BCD.

333 1615 531 1693 Ostansum
542 1618 640 1691 enim
659 1627 715 1692 est
732 1619 770 1692 in
785 1616 1079 1715 praecedentibus
1095 1640 1221 1690 arcum
1241 1639 1330 1709 qua-

283 1726 438 1821 drantis,
453 1730 558 1826 cujus
569 1730 694 1804 radius
706 1742 761 1804 est
772 1731 923 1828 aequalis
936 1744 1049 1805 rectae
1059 1730 1138 1819 BD,
1152 1728 1330 1826 aequalem

282 1865 363 1917 esse
390 1854 504 1917 rectae
530 1867 613 1941 quae
640 1855 764 1940 potest
789 1844 917 1917 decem
943 1842 1171 1930 semiradios,
1197 1842 1234 1914 id
1263 1853 1329 1930 est,

283 1978 367 2053 quae
383 1967 505 2052 potest
519 1957 647 2031 decem
664 1958 787 2032 radios
804 1958 1024 2031 semicirculi
1038 1956 1227 2053 genitoris.
1264 1956 1330 2029 Est

283 2078 407 2142 autern
421 2067 502 2160 DF,
509 2093 577 2166 per
590 2072 917 2160 constructionem,
931 2070 1081 2167 aequalis
1095 2070 1197 2143 arcui
1210 2069 1329 2143 BCD.

284 2180 469 2259 Quoniam
498 2195 623 2258 autem
651 2185 807 2281 angulus
827 2184 928 2259 BoD
946 2185 985 2258 in
1012 2182 1242 2258 semicirculo
1273 2195 1330 2255 est

282 2306 418 2384 rectus,
429 2307 467 2369 et
485 2310 644 2393 quatuor
657 2309 770 2372 rectae
783 2297 857 2386 6G,
871 2297 946 2388 6B,
960 2296 1195 2386 6D,6Fsunt
1207 2319 1329 2391 aequa·

282 2407 350 2498 les,
367 2408 457 2483 item
474 2421 634 2505 quatuor
657 2410 782 2506 anguli
808 2410 921 2499 BDo,
948 2410 1056 2495 GBo,
1084 2409 1200 2499 6DB,
1231 2409 1329 2482 6FD

282 2522 380 2595 inter
413 2546 452 2595 se
486 2523 666 2618 aequales;
699 2535 808 2596 erunt
840 2522 1026 2619 triangula
1059 2521 1183 2608 GDB,
1220 2522 1329 2610 BDo,

282 2635 371 2708 Duo
389 2635 531 2708 similia.
583 2635 650 2708 Est
667 2659 755 2731 ergo
775 2647 818 2708 ut
835 2635 916 2723 BG,
943 2635 981 2708 id
999 2646 1067 2724 est,
1086 2659 1192 2707 arcus
1211 2635 1328 2722 BCD,

283 2747 330 2820 ad
349 2748 420 2821 DB
439 2747 669 2837 diametrum,
696 2748 749 2820 ita
780 2748 852 2821 BD
871 2747 1049 2820 diameter
1075 2748 1122 2820 ad
1138 2748 1213 2819 Du.
1265 2750 1330 2819 Est

283 2886 372 2956 ergo
390 2863 456 2935 Du
474 2861 624 2957 aequalis
648 2872 760 2935 rectae
786 2886 897 2958 quam
915 2862 1177 2959 appellavimus
1195 2863 1235 2950 Z,
1255 2863 1329 2933 sive

283 2973 425 3048 duabus
444 2976 581 3070 quintis
598 2988 710 3049 rectae
723 3001 806 3073 quae
824 2988 947 3072 potest
961 2977 1087 3048 decem
1103 2975 1328 3063 semiradios,

282 3087 321 3162 id
348 3099 404 3161 est
426 3101 539 3162 rectae
558 3088 636 3179 BF,
661 3088 700 3161 id
726 3101 782 3162 est
803 3113 910 3162 arcus
941 3088 1060 3161 BCD.
1114 3088 1224 3164 Quod
1250 3099 1329 3159 erat

283 3202 623 3276 demonstrandum.

642 3373 892 3425 PBOPOSITIO
908 3374 968 3424 ΧΙ.

331 3502 510 3576 Centrum
528 3504 721 3599 gravitatis
739 3504 865 3576 bilinei
885 3503 1051 3576 contenti
1068 3503 1165 3574 linea
1193 3504 1328 3597 cycloi-

280 3615 362 3688 dale
381 3615 445 3712 Bf
450 3616 478 3687 F
495 3628 533 3689 et
550 3628 652 3689 recta
670 3617 747 3704 BF,
766 3630 823 3688 est
847 3618 884 3689 in
907 3641 951 3688 eo
969 3627 1107 3711 puncto
1125 3616 1328 3711 diagonalis

280 3728 364 3817 DG,
384 3728 483 3823 qnod
500 3730 616 3826 ipsam
635 3730 690 3802 ita
707 3729 839 3803 dividit
855 3730 893 3801 in
913 3731 959 3816 K,
978 3740 1019 3800 ut
1033 3728 1108 3801 ΒΚ
1124 3730 1171 3801 sit
1188 3730 1235 3802 ad
1256 3732 1327 3802 KG

279 3854 322 3915 ut
340 3847 363 3925 7
380 3841 428 3915 ad
447 3851 482 3915 5.

329 3956 396 4028 Est
422 3956 520 4028 enim
543 3956 768 4051 triangulum
786 3956 894 4027 AFD
919 3968 1053 4051 quarta
1073 3981 1157 4051 pars
1181 3968 1327 4028 rectan-

278 4069 356 4163 guli
369 4068 452 4157 DG,
468 4068 506 4141 id
520 4081 587 4158 est,
601 4069 751 4166 aequalis
769 4069 999 4142 semicirculo
1013 4071 1193 4164 genitori:
1213 4081 1250 4141 et
1263 4070 1328 4141 tri-

280 4181 456 4274 angulum
476 4180 581 4255 BFD
601 4182 741 4278 aequale
759 4181 872 4278 duplo
898 4183 1128 4256 semicirculo
1153 4184 1325 4277 genitori.

281 4294 469 4369 Quoniam
486 4307 610 4368 autem
628 4306 794 4368 centrum
818 4295 1009 4391 gravitatis
1026 4296 1200 4390 trianguli
1220 4297 1325 4368 AFD
