2946 5010
311 406 357 472 84
525 418 795 472 nxauruamo
816 420 866 472 ur
884 419 1134 473 nunnnarro

118 609 269 652 numam
309 599 377 674 est,
404 586 579 684 expositis
604 597 839 684 quotcunque
866 587 1145 683 quantitatibus,
1165 586 1350 661 rationem

123 691 267 798 ,ᾖ
309 701 438 798 primae
464 701 512 773 ad
541 700 708 773 ultimam
733 699 911 795 aequalem
934 722 1014 773 esse
1044 700 1248 774 rationibus
1272 724 1351 774 om-

309 814 416 887 nibus
433 814 561 911 primae
578 813 624 886 ad
642 812 851 901 secundam,
869 814 1039 887 secundae
1066 814 1114 887 ad
1134 814 1296 904 tertiam,
1313 825 1351 889 et

310 926 363 1000 sic
382 927 554 1023 deinceps
570 950 687 1023 usquc
706 926 752 999 ad
771 926 949 1015 ultimam,
967 927 1076 1001 simul
1094 928 1261 1024 sumptis.

360 1040 409 1113 A.
437 1040 504 1114 Est
517 1040 570 1113 ita
586 1052 629 1111 ut
646 1039 759 1123 dicis;
785 1051 823 1112 et
840 1041 918 1136 ejus
942 1040 997 1113 rei
1018 1064 1165 1114 causam
1189 1040 1352 1114 ostendit

309 1153 389 1250 ipsa
406 1154 581 1250 operatio.
634 1153 678 1225 In
705 1153 973 1249 quantitatibus
1002 1154 1100 1226 enim
1125 1153 1243 1227 tribus
1270 1154 1351 1250 qui·

309 1267 446 1356 busvis,
464 1267 510 1355 A,
528 1264 572 1355 B,
592 1265 632 1355 Ο,
651 1265 810 1339 dubitari
828 1289 902 1338 non
928 1277 1051 1362 potest
1074 1267 1163 1363 quin
1184 1268 1353 1364 exposita

310 1381 345 1452 Α
371 1378 420 1452 ad
448 1379 653 1475 expositam
676 1376 707 1450 B
736 1377 917 1451 rationem
944 1379 1079 1452 habeat
1104 1379 1137 1451 A
1159 1378 1208 1452 ad
1232 1380 1288 1464 B;
1315 1391 1352 1454 et

310 1491 488 1582 similiter,
500 1493 666 1589 exposita
679 1492 710 1564 B
721 1492 769 1565 ad
785 1492 989 1588 expositam
1003 1492 1223 1566 Orationem
1239 1493 1353 1568 habet

311 1605 408 1678 Bad
425 1605 466 1678 C.
519 1605 644 1680 Quare
671 1606 766 1678 ratio
793 1605 827 1677 A
854 1604 903 1678 ad
932 1605 962 1678 C
989 1606 1193 1701 composita
1219 1618 1277 1680 est
1307 1631 1352 1681 ex

311 1718 451 1792 duabus
480 1719 658 1813 partibus,
686 1717 872 1807 nimirum,
902 1742 947 1790 ex
977 1718 1121 1792 ratione
1143 1719 1292 1794 AadB
1315 1732 1353 1795 et

309 1832 452 1906 ratione
470 1832 501 1904 B
515 1832 562 1904 ad
577 1831 618 1905 C.
661 1832 710 1905 Et
726 1831 907 1927 siquidem
925 1845 1047 1904 essent
1064 1843 1221 1927 quatuor
1239 1857 1353 1932 quan·

310 1945 448 2034 titates‚
466 1946 512 2035 A,
530 1946 573 2035 B,
594 1945 635 2032 C,
652 1945 708 2030 D;
735 1943 878 2017 ratioA
896 1943 945 2017 ad
956 1944 1002 2033 D,
1020 1958 1172 2041 propter
1197 1946 1352 2020 eandem

311 2082 469 2148 causam,
487 2070 769 2156 componeretur
799 2080 845 2130 en
865 2057 1069 2131 rationibus
1086 2059 1120 2133 A
1138 2059 1186 2132 ad
1210 2059 1242 2132 B
1264 2060 1351 2134 etB

310 2172 357 2245 ad
372 2172 402 2245 C
419 2183 456 2245 et
474 2172 504 2245 C
521 2173 570 2245 ad
587 2172 632 2245 D.

361 2286 410 2360 B.
436 2286 554 2359 Video
583 2284 636 2359 ita
662 2308 751 2358 esse.
804 2284 879 2358 Sed
907 2285 978 2358 hoc
1005 2284 1135 2358 melius
1165 2286 1352 2383 aliquanto

311 2399 458 2474 videtur
492 2398 582 2471 mihi
615 2398 883 2471 demonstrasse
914 2397 1084 2471 Hobbius
1111 2399 1150 2470 in
1176 2399 1271 2474 libro
1299 2421 1351 2474 nu

313 2532 505 2586 consona
537 2510 633 2607 (cap.
651 2511 727 2583 xiii.
749 2523 818 2584 art.
843 2510 923 2605 13):
954 2510 1206 2584 definitionem
1239 2511 1354 2586 dedu·

313 2648 399 2697 cens
417 2649 439 2697 a
456 2624 625 2696 doctrina
641 2623 687 2696 de
706 2634 820 2697 motu.

363 2737 412 2810 A.
441 2738 514 2810 Sed
525 2736 696 2810 doctrina
706 2737 752 2810 de
763 2746 866 2809 motu
880 2737 1107 2832 paucissimis
1121 2738 1271 2836 cognita
1282 2750 1353 2825 est;

313 2874 397 2922 cum
414 2862 538 2923 tamen
554 2860 688 2923 natura
704 2850 839 2940 omnia,
857 2874 931 2922 non
954 2850 1065 2924 modo
1084 2875 1164 2947 quae
1181 2852 1353 2949 physica,

313 2963 502 3036 sedetiam
523 2987 605 3059 quae
629 2964 898 3037 mathematica
921 2963 1240 3059 contemplationis
1258 2977 1353 3055 sunt,

312 3101 378 3174 per
395 3089 533 3149 motum
552 3077 736 3172 transigit.
788 3076 930 3149 Primus
948 3074 1012 3170 qui
1030 3077 1174 3172 scripsit
1188 3076 1234 3148 de
1251 3089 1355 3151 motu

313 3189 412 3287 quod
430 3190 582 3285 dignum
598 3189 696 3261 lectu
714 3200 806 3277 erat,
820 3188 891 3262 fuit
905 3189 1087 3262 Galilaeus.
1140 3190 1355 3285 Progredia-

313 3328 396 3376 mur
409 3304 487 3398 jam
503 3303 551 3375 ad
568 3303 798 3375 Elementum
817 3301 1012 3397 septimum
1028 3333 1038 3386 ;
1064 3301 1125 3373 ubi
1152 3302 1273 3397 primo
1293 3303 1355 3376 de-

312 3417 441 3488 finitur
457 3415 592 3503 tenitas,
618 3413 695 3502 sed,
715 3427 757 3486 ut
784 3413 894 3486 modo
915 3413 1050 3504 vidisti,
1077 3414 1195 3499 male;
1223 3415 1355 3490 deinde

313 3527 1200 3623 numeras,contrasententiamWallisii,optime.
1228 3530 1355 3604 Tertia

314 3642 478 3715 definitio
490 3654 546 3714 est
551 3642 694 3738 partis,
705 3640 875 3732 (subaudi
886 3640 1089 3736 aliquotae),
1101 3641 1202 3737 quod
1216 3642 1265 3717 sit
1280 3669 1355 3717 ma-

305 3754 407 3850 joris
425 3754 644 3850 poenalitatis
662 3777 860 3835 mensam
887 3765 1053 3841 streete,
1071 3753 1102 3824 si
1119 3777 1186 3849 per
1202 3768 1355 3852 partem

314 3867 516 3965 aliquotam
533 3867 759 3963 intelligatur
768 3890 867 3963 pars
884 3865 1050 3962 aliquota
1067 3868 1219 3942 numeri.
1259 3870 1355 3944 Alio·

316 3981 378 4076 qui
404 4005 503 4078 pars
520 3980 559 4053 in
585 3980 796 4053 definitione
814 4004 1003 4069 mensura,
1021 4003 1096 4052 non
1122 4005 1297 4056 taeneara
1319 3983 1356 4057 iu

316 4093 529 4166 definitione
547 4093 674 4188 partis
701 4091 873 4188 ponenda
899 4104 966 4165 est.
1018 4093 1158 4167 Quinta
1178 4093 1260 4168 haec
1278 4108 1355 4169 est:

315 4209 524 4273 πολλαπλάσιος
542 4201 628 4264 ἐςὶνὸ
646 4209 751 4284 μείζων
763 4212 809 4264 τοῦ
825 4205 978 4275 ἐλάττονος,
993 4205 1060 4264 ὅταν
1079 4210 1293 4284 καταμετρεῖται
1307 4207 1357 4266 irad

313 4319 360 4371 rou
382 4312 536 4379 eltnawe.
587 4299 710 4373 Latini
742 4299 805 4397 qui
832 4298 1061 4390 devertunt,
1085 4297 1288 4400 multiplea
1304 4308 1358 4378 est
