<?xml version="1.0" encoding="UTF-8"?>
<!DOCTYPE html PUBLIC "-//W3C//DTD XHTML 1.0 Transitional//EN"
    "http://www.w3.org/TR/xhtml1/DTD/xhtml1-transitional.dtd">
<html xmlns="http://www.w3.org/1999/xhtml" xml:lang="en" lang="en">
 <head>
  <title>
</title>
<meta http-equiv="Content-Type" content="text/html;charset=utf-8" />
  <meta name='ocr-system' content='tesseract 3.04.00' />
  <meta name='ocr-capabilities' content='ocr_page ocr_carea ocr_par ocr_line ocrx_word'/>
</head>
<body>
  <div class='ocr_page' id='page_1' title='image "./thomhobbesmalme01hobbgoog_0458.png"; bbox 0 0 2946 5010; ppageno 0'>
   <div class='ocr_carea' id='block_1_1' title="bbox 479 417 1162 491">
    <p class='ocr_par' dir='ltr' id='par_1_1' title="bbox 479 417 1162 491">
     <span class='ocr_line' id='line_1_1' title="bbox 479 417 1162 491; baseline -0.01 -1"><span class='ocrx_word' id='word_1_1' title='bbox 479 433 815 491; x_wconf 78' lang='lat' dir='ltr'>onounrnanuu.</span> <span class='ocrx_word' id='word_1_2' title='bbox 1090 417 1162 483; x_wconf 82' lang='grc'>449</span> 
     </span>
    </p>
   </div>
   <div class='ocr_carea' id='block_1_2' title="bbox 118 596 1373 2277">
    <p class='ocr_par' dir='ltr' id='par_1_2' title="bbox 177 596 1343 684">
     <span class='ocr_line' id='line_1_2' title="bbox 177 596 1343 684; baseline -0.007 -8"><span class='ocrx_word' id='word_1_3' title='bbox 177 601 316 677; x_wconf 78' lang='lat' dir='ltr'>Caroli.</span> <span class='ocrx_word' id='word_1_4' title='bbox 334 602 373 674; x_wconf 92' lang='lat' dir='ltr'>ii.</span> <span class='ocrx_word' id='word_1_5' title='bbox 414 601 436 675; x_wconf 87' lang='lat' dir='ltr'>J</span> <span class='ocrx_word' id='word_1_6' title='bbox 440 613 552 674; x_wconf 87' lang='lat' dir='ltr'>uncta</span> <span class='ocrx_word' id='word_1_7' title='bbox 564 600 625 675; x_wconf 88' lang='lat' dir='ltr'>AS</span> <span class='ocrx_word' id='word_1_8' title='bbox 644 613 791 674; x_wconf 82' lang='lat' dir='ltr'>secante</span> <span class='ocrx_word' id='word_1_9' title='bbox 810 598 874 672; x_wconf 83' lang='lat' dir='ltr'>OD</span> <span class='ocrx_word' id='word_1_10' title='bbox 892 597 929 671; x_wconf 92' lang='lat' dir='ltr'>iu</span> <span class='ocrx_word' id='word_1_11' title='bbox 948 597 989 684; x_wconf 89' lang='lat' dir='ltr'>L,</span> <span class='ocrx_word' id='word_1_12' title='bbox 1008 596 1079 670; x_wconf 89' lang='lat' dir='ltr'>erit</span> <span class='ocrx_word' id='word_1_13' title='bbox 1096 596 1162 671; x_wconf 94' lang='lat' dir='ltr'>DL</span> <span class='ocrx_word' id='word_1_14' title='bbox 1207 624 1274 666; x_wconf 71' lang='lat' dir='ltr'>cnr.</span> <span class='ocrx_word' id='word_1_15' title='bbox 1289 622 1343 668; x_wconf 81' lang='lat' dir='ltr'>xx.</span> 
     </span>
    </p>

    <p class='ocr_par' dir='ltr' id='par_1_3' title="bbox 118 692 1373 1490">
     <span class='ocr_line' id='line_1_3' title="bbox 118 692 1373 813; baseline -0.007 -24"><span class='ocrx_word' id='word_1_16' title='bbox 118 717 272 813; x_wconf 82' lang='lat' dir='ltr'>aequalis</span> <span class='ocrx_word' id='word_1_17' title='bbox 290 714 561 789; x_wconf 86' lang='lat' dir='ltr'><strong>semidiametro</strong></span> <span class='ocrx_word' id='word_1_18' title='bbox 579 713 717 801; x_wconf 90' lang='lat' dir='ltr'>circuli,</span> <span class='ocrx_word' id='word_1_19' title='bbox 735 715 840 809; x_wconf 89' lang='lat' dir='ltr'>cujus</span> <span class='ocrx_word' id='word_1_20' title='bbox 856 709 1044 808; x_wconf 89' lang='lat' dir='ltr'>perimetri</span> <span class='ocrx_word' id='word_1_21' title='bbox 1056 733 1161 806; x_wconf 87' lang='lat' dir='ltr'>quur-</span> <span class='ocrx_word' id='word_1_22' title='bbox 1175 692 1373 795; x_wconf 51' lang='lat' dir='ltr'>mffi‘</span> 
     </span>
     <span class='ocr_line' id='line_1_4' title="bbox 122 813 1259 926; baseline -0.01 -22"><span class='ocrx_word' id='word_1_23' title='bbox 122 840 172 904; x_wconf 87' lang='lat' dir='ltr'>tae</span> <span class='ocrx_word' id='word_1_24' title='bbox 188 830 285 926; x_wconf 88' lang='lat' dir='ltr'>parti</span> <span class='ocrx_word' id='word_1_25' title='bbox 312 827 461 924; x_wconf 91' lang='lat' dir='ltr'>aequalis</span> <span class='ocrx_word' id='word_1_26' title='bbox 485 840 541 900; x_wconf 93' lang='lat' dir='ltr'>est</span> <span class='ocrx_word' id='word_1_27' title='bbox 568 825 693 898; x_wconf 88' lang='lat' dir='ltr'>radius</span> <span class='ocrx_word' id='word_1_28' title='bbox 710 825 789 897; x_wconf 86' lang='grc' dir='ltr'>ΑΒ.</span> <span class='ocrx_word' id='word_1_29' title='bbox 842 824 937 896; x_wconf 90' lang='lat' dir='ltr'>Sunt</span> <span class='ocrx_word' id='word_1_30' title='bbox 963 822 1060 895; x_wconf 90' lang='lat' dir='ltr'>enim</span> <span class='ocrx_word' id='word_1_31' title='bbox 1089 813 1259 910; x_wconf 61' lang='lat' dir='ltr'>SB,⁰l‘⁰⁰¹¹·</span> 
     </span>
     <span class='ocr_line' id='line_1_5' title="bbox 122 933 1161 1038; baseline -0.007 -23"><span class='ocrx_word' id='word_1_32' title='bbox 122 943 201 1030; x_wconf 89' lang='grc' dir='ltr'>ΑΒ,</span> <span class='ocrx_word' id='word_1_33' title='bbox 216 942 294 1030; x_wconf 87' lang='lat' dir='ltr'>DL,</span> <span class='ocrx_word' id='word_1_34' title='bbox 312 954 463 1038; x_wconf 90' lang='lat' dir='ltr'>propter</span> <span class='ocrx_word' id='word_1_35' title='bbox 480 939 756 1013; x_wconf 89' lang='lat' dir='ltr'>similitudinem</span> <span class='ocrx_word' id='word_1_36' title='bbox 774 937 1041 1033; x_wconf 81' lang='lat' dir='ltr'>triangulorum</span> <span class='ocrx_word' id='word_1_37' title='bbox 1056 933 1161 1024; x_wconf 86' lang='lat' dir='ltr'><strong>SBA,</strong></span> 
     </span>
     <span class='ocr_line' id='line_1_6' title="bbox 123 1049 1164 1150; baseline -0.006 -22"><span class='ocrx_word' id='word_1_38' title='bbox 123 1055 234 1143; x_wconf 82' lang='lat' dir='ltr'><strong>ADL,</strong></span> <span class='ocrx_word' id='word_1_39' title='bbox 252 1055 427 1128; x_wconf 87' lang='lat' dir='ltr'>continue</span> <span class='ocrx_word' id='word_1_40' title='bbox 444 1051 749 1150; x_wconf 84' lang='lat' dir='ltr'>proportionales.</span> <span class='ocrx_word' id='word_1_41' title='bbox 800 1051 868 1123; x_wconf 87' lang='lat' dir='ltr'>Est</span> <span class='ocrx_word' id='word_1_42' title='bbox 895 1063 1020 1123; x_wconf 91' lang='lat' dir='ltr'>autem</span> <span class='ocrx_word' id='word_1_43' title='bbox 1032 1050 1098 1123; x_wconf 75' lang='lat' dir='ltr'>‚SB</span> <span class='ocrx_word' id='word_1_44' title='bbox 1116 1049 1164 1122; x_wconf 88' lang='lat' dir='ltr'>ud</span> 
     </span>
     <span class='ocr_line' id='line_1_7' title="bbox 123 1162 1164 1264; baseline -0.004 -25"><span class='ocrx_word' id='word_1_45' title='bbox 123 1168 202 1252; x_wconf 89' lang='lat' dir='ltr'>AB,</span> <span class='ocrx_word' id='word_1_46' title='bbox 222 1179 262 1241; x_wconf 93' lang='lat' dir='ltr'>ut</span> <span class='ocrx_word' id='word_1_47' title='bbox 279 1166 462 1264; x_wconf 88' lang='lat' dir='ltr'>quadrans</span> <span class='ocrx_word' id='word_1_48' title='bbox 485 1162 673 1262; x_wconf 87' lang='lat' dir='ltr'>perimetri</span> <span class='ocrx_word' id='word_1_49' title='bbox 699 1163 748 1236; x_wconf 90' lang='lat' dir='ltr'>ad</span> <span class='ocrx_word' id='word_1_50' title='bbox 774 1163 930 1237; x_wconf 77' lang='lat' dir='ltr'>radium,</span> <span class='ocrx_word' id='word_1_51' title='bbox 982 1164 1107 1238; x_wconf 76' lang='lat' dir='ltr'>Quare</span> <span class='ocrx_word' id='word_1_52' title='bbox 1126 1174 1164 1235; x_wconf 93' lang='lat' dir='ltr'>et</span> 
     </span>
     <span class='ocr_line' id='line_1_8' title="bbox 123 1275 1163 1374; baseline -0.003 -21"><span class='ocrx_word' id='word_1_53' title='bbox 123 1280 189 1353; x_wconf 86' lang='grc' dir='ltr'>ΑΒ</span> <span class='ocrx_word' id='word_1_54' title='bbox 214 1279 262 1353; x_wconf 87' lang='lat' dir='ltr'>ad</span> <span class='ocrx_word' id='word_1_55' title='bbox 286 1280 350 1353; x_wconf 92' lang='lat' dir='ltr'>DL</span> <span class='ocrx_word' id='word_1_56' title='bbox 376 1291 432 1353; x_wconf 85' lang='lat' dir='ltr'>est</span> <span class='ocrx_word' id='word_1_57' title='bbox 453 1289 497 1352; x_wconf 92' lang='lat' dir='ltr'>ut</span> <span class='ocrx_word' id='word_1_58' title='bbox 517 1277 701 1374; x_wconf 89' lang='lat' dir='ltr'>quadrans</span> <span class='ocrx_word' id='word_1_59' title='bbox 725 1276 914 1373; x_wconf 89' lang='lat' dir='ltr'>perimetri</span> <span class='ocrx_word' id='word_1_60' title='bbox 937 1275 985 1350; x_wconf 84' lang='lat' dir='ltr'>ad</span> <span class='ocrx_word' id='word_1_61' title='bbox 1008 1276 1163 1367; x_wconf 90' lang='lat' dir='ltr'>radium,</span> 
     </span>
     <span class='ocr_line' id='line_1_9' title="bbox 123 1393 661 1490; baseline -0.007 -22"><span class='ocrx_word' id='word_1_62' title='bbox 123 1417 256 1490; x_wconf 89' lang='lat' dir='ltr'>nempe</span> <span class='ocrx_word' id='word_1_63' title='bbox 273 1393 351 1466; x_wconf 91' lang='lat' dir='ltr'>DL.</span> <span class='ocrx_word' id='word_1_64' title='bbox 658 1432 661 1436; x_wconf 95' lang='lat'>·</span> 
     </span>
    </p>

    <p class='ocr_par' dir='ltr' id='par_1_4' title="bbox 122 1503 1166 2277">
     <span class='ocr_line' id='line_1_10' title="bbox 177 1503 1165 1601; baseline -0.002 -23"><span class='ocrx_word' id='word_1_65' title='bbox 177 1505 317 1580; x_wconf 76' lang='lat' dir='ltr'>Caroli.</span> <span class='ocrx_word' id='word_1_66' title='bbox 348 1506 400 1579; x_wconf 91' lang='lat' dir='ltr'>iii.</span> <span class='ocrx_word' id='word_1_67' title='bbox 444 1505 600 1601; x_wconf 81' lang='lat' dir='ltr'>Sumpta</span> <span class='ocrx_word' id='word_1_68' title='bbox 630 1504 668 1577; x_wconf 94' lang='lat' dir='ltr'>in</span> <span class='ocrx_word' id='word_1_69' title='bbox 698 1503 767 1577; x_wconf 91' lang='lat' dir='ltr'>AD</span> <span class='ocrx_word' id='word_1_70' title='bbox 797 1514 902 1600; x_wconf 90' lang='lat' dir='ltr'>parte</span> <span class='ocrx_word' id='word_1_71' title='bbox 926 1503 1002 1578; x_wconf 83' lang='lat' dir='ltr'>AM</span> <span class='ocrx_word' id='word_1_72' title='bbox 1032 1503 1165 1600; x_wconf 86' lang='lat' dir='ltr'>aequali</span> 
     </span>
     <span class='ocr_line' id='line_1_11' title="bbox 122 1615 1164 1714; baseline -0.006 -20"><span class='ocrx_word' id='word_1_73' title='bbox 122 1631 235 1694; x_wconf 86' lang='lat' dir='ltr'>rectae</span> <span class='ocrx_word' id='word_1_74' title='bbox 252 1619 329 1707; x_wconf 89' lang='lat' dir='ltr'>DL,</span> <span class='ocrx_word' id='word_1_75' title='bbox 348 1618 532 1714; x_wconf 88' lang='lat' dir='ltr'>ductaque</span> <span class='ocrx_word' id='word_1_76' title='bbox 550 1617 638 1706; x_wconf 87' lang='lat' dir='ltr'>RM,</span> <span class='ocrx_word' id='word_1_77' title='bbox 656 1628 694 1690; x_wconf 90' lang='lat' dir='ltr'>et</span> <span class='ocrx_word' id='word_1_78' title='bbox 711 1616 894 1714; x_wconf 88' lang='lat' dir='ltr'>producta</span> <span class='ocrx_word' id='word_1_79' title='bbox 910 1615 958 1689; x_wconf 88' lang='lat' dir='ltr'>ad</span> <span class='ocrx_word' id='word_1_80' title='bbox 986 1616 1044 1689; x_wconf 91' lang='lat' dir='ltr'>BS</span> <span class='ocrx_word' id='word_1_81' title='bbox 1072 1616 1164 1689; x_wconf 92' lang='lat' dir='ltr'>inci-</span> 
     </span>
     <span class='ocr_line' id='line_1_12' title="bbox 124 1728 1164 1824; baseline -0.003 -19"><span class='ocrx_word' id='word_1_82' title='bbox 124 1733 187 1806; x_wconf 94' lang='lat' dir='ltr'>det</span> <span class='ocrx_word' id='word_1_83' title='bbox 205 1732 243 1805; x_wconf 93' lang='lat' dir='ltr'>in</span> <span class='ocrx_word' id='word_1_84' title='bbox 262 1732 302 1805; x_wconf 88' lang='lat' dir='ltr'>C.</span> <span class='ocrx_word' id='word_1_85' title='bbox 365 1732 458 1804; x_wconf 90' lang='lat' dir='ltr'>Cum</span> <span class='ocrx_word' id='word_1_86' title='bbox 484 1731 582 1803; x_wconf 88' lang='lat' dir='ltr'>enim</span> <span class='ocrx_word' id='word_1_87' title='bbox 599 1731 668 1804; x_wconf 87' lang='lat' dir='ltr'>AD</span> <span class='ocrx_word' id='word_1_88' title='bbox 685 1732 734 1804; x_wconf 87' lang='lat' dir='ltr'>sit</span> <span class='ocrx_word' id='word_1_89' title='bbox 760 1728 884 1802; x_wconf 89' lang='lat' dir='ltr'>radius</span> <span class='ocrx_word' id='word_1_90' title='bbox 909 1728 1035 1802; x_wconf 89' lang='lat' dir='ltr'>circuli</span> <span class='ocrx_word' id='word_1_91' title='bbox 1061 1729 1164 1824; x_wconf 88' lang='lat' dir='ltr'>cujus</span> 
     </span>
     <span class='ocr_line' id='line_1_13' title="bbox 124 1841 1165 1942; baseline -0.004 -24"><span class='ocrx_word' id='word_1_92' title='bbox 124 1844 313 1942; x_wconf 91' lang='lat' dir='ltr'>perimetri</span> <span class='ocrx_word' id='word_1_93' title='bbox 327 1867 412 1941; x_wconf 89' lang='lat' dir='ltr'>pars</span> <span class='ocrx_word' id='word_1_94' title='bbox 426 1855 558 1940; x_wconf 91' lang='lat' dir='ltr'>quarta</span> <span class='ocrx_word' id='word_1_95' title='bbox 571 1855 628 1916; x_wconf 91' lang='lat' dir='ltr'>est</span> <span class='ocrx_word' id='word_1_96' title='bbox 645 1843 794 1940; x_wconf 87' lang='lat' dir='ltr'>aequalis</span> <span class='ocrx_word' id='word_1_97' title='bbox 812 1843 883 1930; x_wconf 82' lang='lat' dir='ltr'>RS,</span> <span class='ocrx_word' id='word_1_98' title='bbox 897 1853 934 1915; x_wconf 93' lang='lat' dir='ltr'>et</span> <span class='ocrx_word' id='word_1_99' title='bbox 951 1842 1027 1915; x_wconf 91' lang='lat' dir='ltr'>AM</span> <span class='ocrx_word' id='word_1_100' title='bbox 1040 1841 1165 1914; x_wconf 88' lang='lat' dir='ltr'>radius</span> 
     </span>
     <span class='ocr_line' id='line_1_14' title="bbox 126 1954 1164 2053; baseline -0.007 -22"><span class='ocrx_word' id='word_1_101' title='bbox 126 1958 252 2031; x_wconf 91' lang='lat' dir='ltr'>circuli</span> <span class='ocrx_word' id='word_1_102' title='bbox 272 1961 376 2053; x_wconf 85' lang='lat' dir='ltr'>cujus</span> <span class='ocrx_word' id='word_1_103' title='bbox 393 1956 582 2053; x_wconf 86' lang='lat' dir='ltr'>perimetri</span> <span class='ocrx_word' id='word_1_104' title='bbox 599 1979 683 2052; x_wconf 89' lang='lat' dir='ltr'>pars</span> <span class='ocrx_word' id='word_1_105' title='bbox 701 1967 832 2052; x_wconf 91' lang='lat' dir='ltr'>quarta</span> <span class='ocrx_word' id='word_1_106' title='bbox 847 1968 903 2027; x_wconf 88' lang='lat' dir='ltr'>est</span> <span class='ocrx_word' id='word_1_107' title='bbox 920 1954 1068 2051; x_wconf 84' lang='lat' dir='ltr'>aequalis</span> <span class='ocrx_word' id='word_1_108' title='bbox 1084 1954 1164 2042; x_wconf 86' lang='lat' dir='ltr'>AB,</span> 
     </span>
     <span class='ocr_line' id='line_1_15' title="bbox 126 2067 1165 2164; baseline -0.005 -19"><span class='ocrx_word' id='word_1_109' title='bbox 126 2083 165 2145; x_wconf 88' lang='lat' dir='ltr'>et</span> <span class='ocrx_word' id='word_1_110' title='bbox 192 2083 304 2143; x_wconf 86' lang='lat' dir='ltr'>rectae</span> <span class='ocrx_word' id='word_1_111' title='bbox 321 2092 447 2142; x_wconf 89' lang='lat' dir='ltr'>omnes</span> <span class='ocrx_word' id='word_1_112' title='bbox 472 2069 593 2142; x_wconf 85' lang='lat' dir='ltr'>ductae</span> <span class='ocrx_word' id='word_1_113' title='bbox 616 2093 639 2141; x_wconf 91' lang='lat' dir='ltr'>a</span> <span class='ocrx_word' id='word_1_114' title='bbox 661 2079 800 2164; x_wconf 90' lang='lat' dir='ltr'>puncto</span> <span class='ocrx_word' id='word_1_115' title='bbox 818 2068 853 2139; x_wconf 87' lang='lat' dir='ltr'>R</span> <span class='ocrx_word' id='word_1_116' title='bbox 868 2080 994 2141; x_wconf 91' lang='lat' dir='ltr'>secant</span> <span class='ocrx_word' id='word_1_117' title='bbox 1012 2067 1081 2154; x_wconf 87' lang='lat' dir='ltr'>RS,</span> <span class='ocrx_word' id='word_1_118' title='bbox 1096 2067 1165 2140; x_wconf 81' lang='lat' dir='ltr'>AD</span> 
     </span>
     <span class='ocr_line' id='line_1_16' title="bbox 125 2178 1166 2277; baseline -0.003 -23"><span class='ocrx_word' id='word_1_119' title='bbox 125 2182 164 2254; x_wconf 94' lang='lat' dir='ltr'>in</span> <span class='ocrx_word' id='word_1_120' title='bbox 182 2182 323 2255; x_wconf 92' lang='lat' dir='ltr'>ratione</span> <span class='ocrx_word' id='word_1_121' title='bbox 341 2192 484 2277; x_wconf 86' lang='lat' dir='ltr'>quartae</span> <span class='ocrx_word' id='word_1_122' title='bbox 500 2180 614 2276; x_wconf 91' lang='lat' dir='ltr'>partis</span> <span class='ocrx_word' id='word_1_123' title='bbox 630 2178 819 2275; x_wconf 91' lang='lat' dir='ltr'>perimetri</span> <span class='ocrx_word' id='word_1_124' title='bbox 836 2179 885 2254; x_wconf 90' lang='lat' dir='ltr'>ad</span> <span class='ocrx_word' id='word_1_125' title='bbox 897 2178 1053 2267; x_wconf 86' lang='lat' dir='ltr'>radium,</span> <span class='ocrx_word' id='word_1_126' title='bbox 1064 2189 1166 2252; x_wconf 87' lang='lat' dir='ltr'>recta</span> 
     </span>
    </p>
   </div>
   <div class='ocr_carea' id='block_1_3' title="bbox 127 2292 671 2392">
    <p class='ocr_par' dir='ltr' id='par_1_5' title="bbox 127 2292 671 2392">
     <span class='ocr_line' id='line_1_17' title="bbox 127 2292 671 2392; baseline -0.006 -24"><span class='ocrx_word' id='word_1_127' title='bbox 127 2295 203 2368; x_wconf 91' lang='lat' dir='ltr'>RM</span> <span class='ocrx_word' id='word_1_128' title='bbox 220 2294 401 2392; x_wconf 87' lang='lat' dir='ltr'>producta</span> <span class='ocrx_word' id='word_1_129' title='bbox 416 2292 554 2367; x_wconf 88' lang='lat' dir='ltr'>incidet</span> <span class='ocrx_word' id='word_1_130' title='bbox 573 2294 611 2365; x_wconf 92' lang='lat' dir='ltr'>iu</span> <span class='ocrx_word' id='word_1_131' title='bbox 629 2292 671 2366; x_wconf 87' lang='lat' dir='ltr'>C.</span> 
     </span>
    </p>
   </div>
   <div class='ocr_carea' id='block_1_4' title="bbox 523 2792 759 2868">
    <p class='ocr_par' dir='ltr' id='par_1_6' title="bbox 523 2792 759 2868">
     <span class='ocr_line' id='line_1_18' title="bbox 523 2792 759 2868; baseline -0.008 -1"><span class='ocrx_word' id='word_1_132' title='bbox 523 2792 629 2868; x_wconf 90' lang='lat' dir='ltr'><strong>CAP.</strong></span> <span class='ocrx_word' id='word_1_133' title='bbox 654 2793 759 2866; x_wconf 90' lang='lat' dir='ltr'>XXI.</span> 
     </span>
    </p>
   </div>
   <div class='ocr_carea' id='block_1_5' title="bbox 220 2976 1076 3030">
    <p class='ocr_par' dir='ltr' id='par_1_7' title="bbox 220 2976 1076 3030">
     <span class='ocr_line' id='line_1_19' title="bbox 220 2976 1076 3030; baseline -0.002 0"><span class='ocrx_word' id='word_1_134' title='bbox 220 2978 275 3030; x_wconf 81' lang='lat' dir='ltr'>DE</span> <span class='ocrx_word' id='word_1_135' title='bbox 294 2976 600 3030; x_wconf 75' lang='lat' dir='ltr'><strong>MAGNITUDINE</strong></span> <span class='ocrx_word' id='word_1_136' title='bbox 620 2976 790 3030; x_wconf 75' lang='lat' dir='ltr'>crucum</span> <span class='ocrx_word' id='word_1_137' title='bbox 811 2977 1076 3030; x_wconf 79' lang='lat' dir='ltr'><strong>HUGENIANA.</strong></span> 
     </span>
    </p>
   </div>
   <div class='ocr_carea' id='block_1_6' title="bbox 127 3093 1171 4522">
    <p class='ocr_par' dir='ltr' id='par_1_8' title="bbox 127 3093 1171 4522">
     <span class='ocr_line' id='line_1_20' title="bbox 127 3093 1166 3189; baseline 0.001 -23"><span class='ocrx_word' id='word_1_138' title='bbox 127 3094 551 3166; x_wconf 77' lang='lat' dir='ltr'>Darnnurunrronnru</span> <span class='ocrx_word' id='word_1_139' title='bbox 578 3093 673 3166; x_wconf 86' lang='lat' dir='ltr'>hanc</span> <span class='ocrx_word' id='word_1_140' title='bbox 696 3093 959 3189; x_wconf 84' lang='lat' dir='ltr'>magnitudinis</span> <span class='ocrx_word' id='word_1_141' title='bbox 976 3118 1081 3167; x_wconf 88' lang='lat' dir='ltr'>arcus</span> <span class='ocrx_word' id='word_1_142' title='bbox 1100 3095 1166 3167; x_wconf 89' lang='lat' dir='ltr'>BD</span> 
     </span>
     <span class='ocr_line' id='line_1_21' title="bbox 128 3204 1167 3301; baseline 0.002 -25"><span class='ocrx_word' id='word_1_143' title='bbox 128 3214 233 3276; x_wconf 90' lang='lat' dir='ltr'>tanta</span> <span class='ocrx_word' id='word_1_144' title='bbox 264 3204 456 3301; x_wconf 83' lang='lat' dir='ltr'>diligentia</span> <span class='ocrx_word' id='word_1_145' title='bbox 485 3228 508 3277; x_wconf 90' lang='lat' dir='ltr'>a</span> <span class='ocrx_word' id='word_1_146' title='bbox 535 3205 734 3300; x_wconf 84' lang='lat' dir='ltr'>geometris</span> <span class='ocrx_word' id='word_1_147' title='bbox 764 3205 883 3278; x_wconf 91' lang='lat' dir='ltr'>omnis</span> <span class='ocrx_word' id='word_1_148' title='bbox 916 3207 985 3279; x_wconf 89' lang='lat' dir='ltr'>aevi</span> <span class='ocrx_word' id='word_1_149' title='bbox 1015 3206 1167 3278; x_wconf 90' lang='lat' dir='ltr'>summis</span> 
     </span>
     <span class='ocr_line' id='line_1_22' title="bbox 128 3317 1166 3412; baseline 0.001 -23"><span class='ocrx_word' id='word_1_150' title='bbox 128 3317 331 3412; x_wconf 87' lang='lat' dir='ltr'>quaesitam,</span> <span class='ocrx_word' id='word_1_151' title='bbox 367 3340 549 3411; x_wconf 91' lang='lat' dir='ltr'>quamque</span> <span class='ocrx_word' id='word_1_152' title='bbox 583 3340 707 3389; x_wconf 88' lang='lat' dir='ltr'>veram</span> <span class='ocrx_word' id='word_1_153' title='bbox 741 3340 820 3390; x_wconf 88' lang='lat' dir='ltr'>esse</span> <span class='ocrx_word' id='word_1_154' title='bbox 859 3329 934 3390; x_wconf 88' lang='lat' dir='ltr'>tam</span> <span class='ocrx_word' id='word_1_155' title='bbox 973 3318 1166 3391; x_wconf 87' lang='lat' dir='ltr'>manifeste</span> 
     </span>
     <span class='ocr_line' id='line_1_23' title="bbox 128 3428 1167 3526; baseline 0.003 -26"><span class='ocrx_word' id='word_1_156' title='bbox 128 3428 238 3501; x_wconf 93' lang='lat' dir='ltr'>modo</span> <span class='ocrx_word' id='word_1_157' title='bbox 256 3428 515 3516; x_wconf 85' lang='lat' dir='ltr'>demonstravi,</span> <span class='ocrx_word' id='word_1_158' title='bbox 534 3451 643 3523; x_wconf 91' lang='lat' dir='ltr'>quam</span> <span class='ocrx_word' id='word_1_159' title='bbox 661 3428 853 3502; x_wconf 84' lang='lat' dir='ltr'>manifeste</span> <span class='ocrx_word' id='word_1_160' title='bbox 870 3430 945 3503; x_wconf 89' lang='lat' dir='ltr'>nlla</span> <span class='ocrx_word' id='word_1_161' title='bbox 967 3430 1065 3526; x_wconf 93' lang='lat' dir='ltr'>apud</span> <span class='ocrx_word' id='word_1_162' title='bbox 1093 3431 1167 3502; x_wconf 88' lang='lat' dir='ltr'>Eu-</span> 
     </span>
     <span class='ocr_line' id='line_1_24' title="bbox 128 3540 1166 3639; baseline -0.001 -23"><span class='ocrx_word' id='word_1_163' title='bbox 128 3542 261 3616; x_wconf 90' lang='lat' dir='ltr'>clidem</span> <span class='ocrx_word' id='word_1_164' title='bbox 278 3540 479 3638; x_wconf 88' lang='lat' dir='ltr'>propositio</span> <span class='ocrx_word' id='word_1_165' title='bbox 497 3541 749 3615; x_wconf 85' lang='lat' dir='ltr'>demonstrata</span> <span class='ocrx_word' id='word_1_166' title='bbox 765 3556 832 3631; x_wconf 88' lang='lat' dir='ltr'>est,</span> <span class='ocrx_word' id='word_1_167' title='bbox 849 3542 1074 3639; x_wconf 86' lang='lat' dir='ltr'>professores</span> <span class='ocrx_word' id='word_1_168' title='bbox 1093 3567 1166 3615; x_wconf 93' lang='lat' dir='ltr'>ma·</span> 
     </span>
     <span class='ocr_line' id='line_1_25' title="bbox 128 3653 1167 3753; baseline 0.002 -26"><span class='ocrx_word' id='word_1_169' title='bbox 128 3653 330 3739; x_wconf 89' lang='lat' dir='ltr'>thematici,</span> <span class='ocrx_word' id='word_1_170' title='bbox 357 3653 475 3748; x_wconf 91' lang='lat' dir='ltr'>primo</span> <span class='ocrx_word' id='word_1_171' title='bbox 502 3665 686 3728; x_wconf 88' lang='lat' dir='ltr'>nostrates</span> <span class='ocrx_word' id='word_1_172' title='bbox 711 3655 819 3728; x_wconf 92' lang='lat' dir='ltr'>simul</span> <span class='ocrx_word' id='word_1_173' title='bbox 845 3668 957 3752; x_wconf 91' lang='lat' dir='ltr'>atque</span> <span class='ocrx_word' id='word_1_174' title='bbox 985 3657 1167 3753; x_wconf 88' lang='lat' dir='ltr'>apparuit,</span> 
     </span>
     <span class='ocr_line' id='line_1_26' title="bbox 128 3766 1168 3864; baseline 0.002 -24"><span class='ocrx_word' id='word_1_175' title='bbox 128 3790 263 3862; x_wconf 84' lang='lat' dir='ltr'>magno</span> <span class='ocrx_word' id='word_1_176' title='bbox 277 3780 414 3840; x_wconf 88' lang='lat' dir='ltr'>conatu</span> <span class='ocrx_word' id='word_1_177' title='bbox 430 3766 514 3841; x_wconf 90' lang='lat' dir='ltr'>irati</span> <span class='ocrx_word' id='word_1_178' title='bbox 527 3778 843 3864; x_wconf 86' lang='lat' dir='ltr'>oppugnaverunt,</span> <span class='ocrx_word' id='word_1_179' title='bbox 854 3770 1168 3842; x_wconf 86' lang='lat' dir='ltr'>consentientibus</span> 
     </span>
     <span class='ocr_line' id='line_1_27' title="bbox 128 3878 1167 3977; baseline 0.004 -27"><span class='ocrx_word' id='word_1_180' title='bbox 128 3878 240 3951; x_wconf 88' lang='lat' dir='ltr'>etiam</span> <span class='ocrx_word' id='word_1_181' title='bbox 263 3891 301 3952; x_wconf 89' lang='lat' dir='ltr'>et</span> <span class='ocrx_word' id='word_1_182' title='bbox 326 3879 558 3954; x_wconf 89' lang='lat' dir='ltr'>laudantibus</span> <span class='ocrx_word' id='word_1_183' title='bbox 587 3881 741 3955; x_wconf 86' lang='lat' dir='ltr'>caeteris.</span> <span class='ocrx_word' id='word_1_184' title='bbox 793 3880 865 3953; x_wconf 91' lang='lat' dir='ltr'>Sed</span> <span class='ocrx_word' id='word_1_185' title='bbox 891 3881 1022 3977; x_wconf 90' lang='lat' dir='ltr'>quibus</span> <span class='ocrx_word' id='word_1_186' title='bbox 1045 3883 1167 3968; x_wconf 87' lang='lat' dir='ltr'>armis,</span> 
     </span>
     <span class='ocr_line' id='line_1_28' title="bbox 129 3993 1168 4091; baseline 0.002 -26"><span class='ocrx_word' id='word_1_187' title='bbox 129 3993 262 4090; x_wconf 90' lang='lat' dir='ltr'>quibus</span> <span class='ocrx_word' id='word_1_188' title='bbox 289 3993 399 4066; x_wconf 91' lang='lat' dir='ltr'>innisi</span> <span class='ocrx_word' id='word_1_189' title='bbox 425 3993 643 4090; x_wconf 78' lang='lat' dir='ltr'>principiis?</span> <span class='ocrx_word' id='word_1_190' title='bbox 705 3993 780 4067; x_wconf 92' lang='lat' dir='ltr'>lllis</span> <span class='ocrx_word' id='word_1_191' title='bbox 798 4018 880 4090; x_wconf 85' lang='lat' dir='ltr'>quae</span> <span class='ocrx_word' id='word_1_192' title='bbox 897 4019 1007 4091; x_wconf 91' lang='lat' dir='ltr'>supra</span> <span class='ocrx_word' id='word_1_193' title='bbox 1024 3995 1168 4067; x_wconf 91' lang='lat' dir='ltr'>ostendi</span> 
     </span>
     <span class='ocr_line' id='line_1_29' title="bbox 129 4104 1169 4207; baseline 0 -28"><span class='ocrx_word' id='word_1_194' title='bbox 129 4129 208 4179; x_wconf 92' lang='lat' dir='ltr'>esse</span> <span class='ocrx_word' id='word_1_195' title='bbox 225 4104 383 4178; x_wconf 89' lang='lat' dir='ltr'>absurda</span> <span class='ocrx_word' id='word_1_196' title='bbox 405 4132 415 4177; x_wconf 75' lang='grc' dir='ltr'>ι</span> <span class='ocrx_word' id='word_1_197' title='bbox 440 4130 584 4203; x_wconf 87' lang='lat' dir='ltr'>nempe,</span> <span class='ocrx_word' id='word_1_198' title='bbox 611 4105 655 4179; x_wconf 81' lang='lat' dir='ltr'>Si</span> <span class='ocrx_word' id='word_1_199' title='bbox 679 4106 781 4180; x_wconf 82' lang='lat' dir='ltr'>linea</span> <span class='ocrx_word' id='word_1_200' title='bbox 808 4106 1072 4207; x_wconf 82' lang='lat' dir='ltr'>multiplicetur</span> <span class='ocrx_word' id='word_1_201' title='bbox 1093 4132 1169 4206; x_wconf 83' lang='lat' dir='ltr'>per</span> 
     </span>
     <span class='ocr_line' id='line_1_30' title="bbox 128 4219 1167 4318; baseline 0.001 -26"><span class='ocrx_word' id='word_1_202' title='bbox 128 4243 323 4307; x_wconf 79' lang='lat' dir='ltr'>urrnrcrum,</span> <span class='ocrx_word' id='word_1_203' title='bbox 337 4219 491 4313; x_wconf 85' lang='lat' dir='ltr'>sactum</span> <span class='ocrx_word' id='word_1_204' title='bbox 514 4244 596 4292; x_wconf 80' lang='lat' dir='ltr'>ecce</span> <span class='ocrx_word' id='word_1_205' title='bbox 616 4242 801 4293; x_wconf 80' lang='lat' dir='ltr'>numerum</span> <span class='ocrx_word' id='word_1_206' title='bbox 819 4222 1089 4318; x_wconf 81' lang='lat' dir='ltr'>quadratorum</span> <span class='ocrx_word' id='word_1_207' title='bbox 1106 4250 1167 4293; x_wconf 85' lang='lat'>:—</span> 
     </span>
     <span class='ocr_line' id='line_1_31' title="bbox 130 4332 1171 4433; baseline 0.003 -28"><span class='ocrx_word' id='word_1_208' title='bbox 130 4332 176 4405; x_wconf 82' lang='lat' dir='ltr'>Si</span> <span class='ocrx_word' id='word_1_209' title='bbox 192 4357 216 4406; x_wconf 88' lang='lat' dir='ltr'>a</span> <span class='ocrx_word' id='word_1_210' title='bbox 239 4355 387 4405; x_wconf 87' lang='lat' dir='ltr'>numero</span> <span class='ocrx_word' id='word_1_211' title='bbox 405 4333 671 4430; x_wconf 82' lang='lat' dir='ltr'>quadratorum</span> <span class='ocrx_word' id='word_1_212' title='bbox 696 4334 922 4408; x_wconf 79' lang='lat' dir='ltr'>eatrulrutur</span> <span class='ocrx_word' id='word_1_213' title='bbox 947 4335 1064 4408; x_wconf 79' lang='lat' dir='ltr'>radic</span> <span class='ocrx_word' id='word_1_214' title='bbox 1082 4362 1171 4433; x_wconf 84' lang='lat' dir='ltr'>quo-</span> 
     </span>
     <span class='ocr_line' id='line_1_32' title="bbox 230 4467 1069 4522; baseline 0.004 -3"><span class='ocrx_word' id='word_1_215' title='bbox 230 4467 325 4519; x_wconf 85' lang='lat' dir='ltr'>von.</span> <span class='ocrx_word' id='word_1_216' title='bbox 344 4467 400 4519; x_wconf 88' lang='lat' dir='ltr'>rv.</span> <span class='ocrx_word' id='word_1_217' title='bbox 998 4470 1024 4521; x_wconf 79' lang='lat' dir='ltr'>a</span> <span class='ocrx_word' id='word_1_218' title='bbox 1044 4471 1069 4522; x_wconf 88' lang='lat' dir='ltr'>o</span> 
     </span>
    </p>
   </div>
   <div class='ocr_carea' id='block_1_7' title="bbox 0 0 1489 5010">
    <p class='ocr_par' dir='ltr' id='par_1_9' title="bbox 0 0 1489 5010">
     <span class='ocr_line' id='line_1_33' title="bbox 0 0 1489 5010; baseline 0 0"><span class='ocrx_word' id='word_1_219' title='bbox 0 0 1489 5010; x_wconf 95' lang='lat' dir='ltr'> </span> 
     </span>
    </p>
   </div>
  </div>
 </body>
</html>
