2956 5018
335 404 358 468 2
552 414 819 466 exanmarro
840 415 891 467 ar
911 415 1161 469 annonarro

149 609 299 651 ammons
336 582 413 656 tola
438 581 663 655 dedicatoria
688 581 778 655 illud
805 583 973 671 affirmat,
1002 598 1040 656 et
1067 583 1114 657 ad
1134 584 1375 680 geometriam

36 732 37 736 =
153 691 294 793 ,ζῆ
335 696 447 769 fuisse
477 695 677 790 relegatam
702 697 747 768 ab
771 697 1024 785 arithmeticis,
1051 709 1247 793 propterea
1277 695 1376 793 quod

335 810 413 882 sine
431 809 634 904 geometria
651 832 822 903 magnam
839 810 877 882 in
896 809 1118 882 calculandis
1136 810 1376 883 fractionibns

335 922 554 994 invenerunt
573 921 837 994 difficultatem.

385 1034 434 1105 A.
460 1033 674 1107 Eandemne
692 1057 769 1107 rem
787 1057 865 1107 esse
884 1046 1008 1108 censet
1025 1036 1205 1108 rationem
1225 1047 1263 1107 et
1280 1035 1375 1107 frao-

336 1145 504 1219 tionem?

385 1260 435 1331 B.
463 1259 520 1332 Ita
536 1259 656 1354 plane,
675 1270 713 1330 et
729 1257 768 1331 id
784 1258 949 1354 pluribus
966 1271 1045 1332 tum
1063 1259 1171 1355 hujus
1190 1270 1269 1331 tum
1286 1259 1375 1332 alio-

335 1396 418 1447 rum
435 1395 584 1445 suorum
598 1372 776 1445 librorum
792 1371 882 1444 loeis
901 1371 1047 1445 disertis
1061 1373 1180 1444 verbis
1198 1374 1337 1445 asserit.

386 1487 436 1559 Λ.
463 1486 650 1559 Asserenti
678 1498 836 1574 tantum,
862 1511 937 1559 non
961 1486 1071 1559 etiam
1096 1486 1374 1574 demonstranti,

336 1622 410 1671 non
436 1610 492 1671 est
515 1622 662 1693 necesse
685 1610 727 1672 ut
746 1600 1000 1672 assentiamur.
1052 1599 1126 1672 Sed
1147 1599 1376 1695 legamus.—

339 1711 578 1796 Quantumoia
605 1736 676 1784 non
703 1712 771 1783 eim
797 1736 867 1810 ego
890 1735 1051 1808 prorsus
1071 1713 1216 1784 nesciae
1236 1723 1375 1809 quanto

335 1822 505 1897 subsidat
522 1823 1024 1899 intervallo-Quantumvis
1040 1824 1224 1897 Wallisius
1243 1825 1375 1898 doctus

335 1935 383 2008 sit
401 1937 692 2027 mathematicus,
707 1961 781 2011 non
796 1950 851 2010 est
864 1947 963 2010 certe
977 1936 1117 2010 Latinae
1129 1938 1264 2035 linguae
1278 1939 1374 2034 peri-

335 2049 508 2123 tissimus.

385 2162 434 2236 B.
462 2164 580 2258 Rogo,
599 2163 755 2259 quidni?

386 2277 433 2347 A.
462 2276 560 2351 Quia
577 2276 638 2370 qni
659 2276 748 2348 dicit
767 2276 1003 2372 quantumvis,
1027 2299 1104 2349 rem
1126 2275 1374 2350 determinan-

335 2386 420 2460 dam
439 2387 612 2484 relinquit
630 2389 782 2461 arbitrio
800 2399 865 2462 tuo
880 2421 890 2471 ;
918 2388 980 2483 qui
999 2387 1089 2461 dicit
1100 2413 1273 2486 prorsus,
1297 2390 1373 2485 ipse

337 2498 569 2572 determinat.
626 2501 754 2595 ltaque
785 2500 1015 2596 quantumvis
1046 2513 1084 2574 et
1110 2526 1269 2601 prorsus
1298 2527 1372 2575 non

336 2612 533 2685 oohaerent.
588 2612 827 2697 Quantumvia
841 2613 970 2686 doctus
984 2614 1113 2687 Latine
1128 2614 1284 2700 dicitur;
1309 2616 1374 2689 sed

335 2725 565 2822 quantumvis
578 2725 809 2799 doctissimus
822 2750 896 2800 non
909 2727 1009 2800 item.
1062 2729 1247 2817 Similiter,
1260 2755 1373 2826 quon-

336 2837 466 2910 tumvir
479 2861 636 2935 magnus
649 2840 807 2924 dicitur;
835 2839 899 2912 sed
917 2864 991 2913 non
1005 2843 1236 2938 quantumvis
1253 2843 1372 2936 irfini-

335 2961 407 3024 tua.
463 2952 701 3037 Quantumois
714 2966 754 3027 et
765 2953 849 3042 etei,
868 2977 942 3026 non
956 2953 1053 3027 idem
1067 2967 1200 3027 sonant
1216 2979 1370 3052 semper.

384 3064 434 3136 B.
462 3064 708 3161 Negligentiae
730 3066 827 3155 huic,
852 3066 883 3139 si
900 3066 971 3139 hoo
993 3065 1074 3138 loco
1095 3090 1170 3140 noo
1188 3081 1373 3141 oratorem

335 3176 480 3272 egisset,
500 3176 565 3250 sed
582 3179 892 3265 mathematicum,
908 3178 1016 3251 facile
1029 3178 1169 3274 ignosci
1180 3181 1370 3275 potuisset.

386 3290 433 3362 A.
461 3291 872 3386 Pergamus-Norunt
907 3290 1037 3363 melius
1065 3316 1174 3387 quam
1204 3291 1291 3363 milri
1321 3293 1372 3363 eit

334 3425 438 3498 opus,
450 3401 648 3500 sigillatim
659 3401 728 3476 itta
738 3403 946 3499 repetendo,
958 3401 1110 3500 singola
1120 3403 1372 3477 immorari.—

334 3514 535 3587 Videturne
552 3516 618 3588 tibi
637 3516 747 3588 verba
763 3515 843 3588 haee
860 3515 991 3588 Latina
1008 3513 1112 3588 esse?

383 3628 434 3700 B.
461 3628 615 3700 Minime
627 3651 726 3700 sane.
762 3628 858 3701 Nam
870 3629 1010 3702 dietum
1022 3627 1186 3723 oportuit
1196 3629 1371 3728 singulis,

333 3753 377 3813 ut
394 3752 433 3814 et
450 3741 529 3837 ipse
546 3741 634 3813 alias
652 3740 825 3836 loquitur.

383 3854 433 3926 A.
458 3855 629 3926 Erratum
665 3875 754 3949 ergo
791 3864 848 3925 est
882 3852 1165 3948 typographi.-
1175 3854 1280 3929 Unde
1312 3857 1373 3929 Ιιὶο

333 3964 434 4037 solua
454 3966 613 4039 selectus
621 3965 720 4060 fait,
744 3967 809 4063 qui
830 3965 1101 4038 serenissimam
1125 3968 1277 4066 Anglioe
1297 3969 1372 4041 Re-

331 4078 461 4176 ginam
478 4078 739 4152 Elisabetham
757 4079 794 4151 in
816 4078 961 4150 Graecis
978 4077 1118 4153 litteris
1136 4081 1372 4155 instituat.-

333 4192 511 4265 Latinene
529 4192 627 4264 hoo?

382 4307 432 4379 B.
460 4306 625 4379 Minime.
676 4307 767 4379 Erat
784 4305 880 4379 enim
896 4306 1131 4382 scribendum
1145 4309 1370 4383 institueret.
