2946 5010
396 406 579 466 canarno
599 406 792 478 saeuam,
812 405 900 466 arc:
1097 384 1174 464 51⁴3

127 575 204 650 sive
220 575 334 673 dupla
350 575 411 669 Ze,
424 578 473 653 sit
489 575 640 675 aeqaalis
656 579 760 654 arcui
777 570 853 671 BC,
866 588 911 652 ut
926 578 966 652 in
982 574 1088 676 prdp.
1102 579 1116 653 i
1119 592 1172 654 et
1185 606 1320 648 aanor».
1328 605 1387 649 vra·

126 689 168 763 iir
156 688 478 765 demonstratam
495 703 565 766 est.
1168 675 1354 715 *⁹⁴

176 803 437 876 Examinemus
464 815 588 877 autem
610 802 830 900 quadratum
852 802 925 877 hoe
942 804 1177 879 numericam

128 914 360 989 Professoris.
413 915 611 1004 Quoniam,
627 928 671 992 ut
697 916 884 1013 supponit,
904 918 1123 1015 quadratam
1148 942 1172 992 a

128 1027 178 1099 Ze
204 1039 260 1101 est
281 1026 491 1124 {qaorum
516 1029 738 1126 quadratum
761 1052 784 1103 a
800 1029 864 1104 GC
884 1028 1008 1122 est&
1025 1044 1064 1104 et
1080 1055 1172 1127 qaa-

128 1139 274 1214 dratam
286 1141 333 1213 ab
344 1137 483 1233 YQ÷,
498 1140 718 1238 quadratam
732 1154 856 1215 autem
874 1143 922 1216 ab
939 1140 1060 1234 ade-{23
1071 1142 1178 1240 quod·

127 1252 248 1326 minas
266 1268 323 1326 est
340 1277 450 1349 quam
463 1251 517 1346 -ζξι
545 1254 616 1327 erit
632 1253 700 1327 ΑΟ
724 1255 841 1350 major
857 1278 968 1350 quam
986 1255 1052 1328 Ac.
1103 1257 1172 1329 Est

126 1377 250 1440 autem
274 1367 495 1464 quadratum
517 1367 564 1440 ab
591 1367 658 1441 AG
683 1366 836 1464 duplum
859 1367 1029 1463 quadrati
1046 1393 1070 1441 a
1086 1368 1171 1442 GC:

126 1481 199 1552 erit
216 1504 303 1575 ergo
321 1478 375 1572 ἒ,
391 1493 429 1553 et
442 1479 663 1576 quadratum
680 1480 726 1553 ab
744 1479 816 1555 YQ
835 1476 889 1572 ἓ,
900 1493 938 1553 et
951 1480 1172 1577 quadratum

126 1593 173 1665 ab
193 1593 259 1666 AO
274 1589 326 1684 ἕ.
380 1591 474 1666 Qaae
501 1591 674 1681 rationes,
702 1615 835 1689 nempe
865 1602 887 1665 5
906 1591 954 1666 ad
971 1601 1007 1682 4,
1038 1616 1178 1667 conve-³

126 1705 235 1777 niunt
248 1729 332 1778 cum
344 1705 548 1778 rationibus
563 1718 748 1779 rectarum
760 1705 1006 1794 AG,AQ,Ac.
1034 1706 1178 1796 Quare,

127 1828 259 1890 contra
286 1817 326 1890 id
354 1818 453 1913 qnod
482 1817 734 1893 demonstrare
757 1820 885 1909 voluit,
904 1819 986 1908 ΑΟ,
1004 1820 1059 1893 Ac
1084 1832 1180 1894 sant

128 1929 298 2026 aeqaaleS.

176 2044 299 2116 Etiam
316 2043 447 2118 falsum
465 2054 520 2118 est
538 2044 638 2141 qaod
655 2045 875 2142 quadratum
892 2047 938 2119 ab
956 2046 1024 2120 AO
1041 2045 1098 2119 vel
1116 2046 1180 2119 Aa

127 2157 267 2254 aequale
293 2156 393 2250 sit}
413 2156 584 2254 quadrati
601 2182 625 2232 a
640 2158 757 2232 radio.
810 2158 1043 2233 Quadratum
1072 2160 1171 2233 enim

126 2294 150 2342 a
166 2269 269 2344 radio
288 2283 345 2343 est
362 2280 424 2344 25.
476 2271 577 2367 Ergo
606 2271 827 2368 quadratam
850 2296 874 2344 a
890 2270 1086 2344 semiradio
1114 2286 1179 2346 est·

126 2385 185 2466 δὲ.
238 2383 363 2458 Quare
391 2383 610 2479 quadratam
641 2385 688 2458 ab
705 2385 774 2458 ΑΟ
797 2396 854 2458 est
871 2385 952 2465 312.
1004 2384 1091 2458 Non
1114 2397 1171 2460 est

126 2519 216 2592 ergo
234 2496 454 2593 quadratam
471 2499 517 2569 ab
535 2497 602 2570 ΑΟ
616 2495 673 2590 ξπ
717 2497 918 2574 Quadratis
930 2497 977 2570 ab
992 2493 1073 2586 AG,
1086 2498 1171 2583 AQ,

126 2608 194 2698 Ac,
226 2611 292 2683 AL
318 2608 543 2708 respondent
571 2610 715 2683 numeri
741 2609 793 2699 hi,
820 2618 927 2701 1250,
958 2618 1064 2701 1000,
1083 2618 1180 2702 800,ῑ

125 2728 214 2797 650.

177 2835 422 2924 Quadratum,
447 2836 555 2931 juxta
573 2818 937 2926 methodum'meam,
954 2858 977 2909 a
992 2835 1096 2909 radio
1114 2850 1172 2910 est

131 2956 197 3033 ¹63
215 2947 437 3045 quadratum
454 2949 500 3022 ab
513 2948 594 3037 ΑΟ,
606 2957 681 3033 20;
700 2948 922 3044 quadratam
939 2951 985 3023 ab
1000 2949 1084 3038 AQ,
1095 2959 1169 3034 25;

124 3071 163 3133 et
181 3060 401 3154 quadratum
419 3062 465 3133 ab
482 3059 562 3146 AG,
580 3062 663 3142 312.
716 3062 883 3158 Uterque
901 3086 989 3158 ergo
1007 3062 1171 3135 calculus

124 3170 391 3261 arithmeticus,
417 3172 490 3244 mei
519 3182 557 3245 et
581 3173 690 3262 illius,
719 3173 959 3247 consentiant
988 3185 1170 3268 quatenus

125 3294 226 3356 recte
258 3294 519 3380 computatur:
549 3283 615 3358 sed
648 3284 723 3374 ille,
755 3297 799 3359 at
832 3285 1067 3359 manifestam
1100 3297 1180 3375 est,

125 3395 221 3469 male
238 3396 479 3493 computavit.

177 3508 410 3584 Quadratum
431 3534 532 3607 ergo,
551 3509 704 3606 inquiet,
721 3510 769 3582 ab
787 3511 853 3585 AG
870 3533 994 3585 nouae
1017 3511 1169 3608 duplam

124 3622 197 3696 erit
223 3622 394 3719 quadrati
417 3647 441 3697 a
462 3622 594 3697 radio?
645 3623 704 3697 Ita
728 3623 887 3721 qaidem,
906 3625 1058 3722 duplam
1085 3626 1167 3700 erit.

125 3735 199 3809 Sed
216 3735 359 3809 calculo
383 3737 618 3811 arithmetico
637 3761 827 3834 nunquam
844 3737 1167 3828 demonstrabitur,

123 3860 276 3946 propter
293 3848 539 3924 differentiam
555 3849 652 3923 inter
675 3850 888 3924 continuam
911 3852 1167 3947 quantitatem,

123 3974 162 4036 et
180 3962 386 4036 discretam.
440 3962 500 4036 Ad
517 3987 629 4059 qaam
652 3985 731 4035 rem
757 3962 865 4059 plura
887 3987 934 4036 ex
961 3963 1168 4038 differentia

121 4075 186 4150 illa
203 4086 420 4172 argumenta
442 4088 541 4149 sunt.
594 4076 729 4162 Primo,
746 4074 846 4171 qaod
872 4076 969 4151 inter
985 4077 1079 4150 duos
1098 4101 1167 4151 na-

122 4211 243 4262 meros
256 4211 341 4261 raro
355 4188 541 4285 interponi
560 4187 701 4261 medius
717 4200 850 4285 potest.
887 4189 1069 4281 Secundo,
1081 4191 1168 4286 qaia

123 4302 286 4377 calculas
320 4302 574 4379 arithmeticus
607 4315 752 4402 separat
781 4303 962 4400 quadrata
992 4327 1058 4400 per
1091 4315 1167 4378 tres

225 4438 320 4492 voa.
339 4438 396 4493 ιν.
1000 4439 1067 4491 ιι
