2946 5010
352 1326 594 1410 CONTRA
626 1325 1007 1410 GEOMETRAS.

210 1865 382 1940 Connus
412 1877 631 1963 geometras,
663 1866 780 1939 amice
814 1865 940 1951 lector,
970 1887 1046 1938 non
1072 1873 1203 1936 contra

159 1979 400 2075 geometriam
436 1979 516 2052 haec
551 1979 681 2053 scribo.
746 1980 877 2053 Artem
910 1978 1039 2074 ipsam,
1066 1977 1204 2050 artium

160 2092 371 2187 navigandi,
406 2092 625 2181 aedificandi,
659 2091 849 2188 pingendi,
880 2089 1130 2186 computandi,
1165 2100 1204 2163 et

161 2203 319 2299 denique
352 2205 529 2294 (scientiae
560 2204 725 2277 omnium
759 2203 1010 2298 nobilissimae)
1042 2203 1203 2300 physicae

160 2329 328 2406 matrem,
343 2342 448 2415 aeque
465 2341 508 2391 ac
519 2318 582 2414 qui
599 2317 756 2390 maxime
774 2316 942 2390 laudibus
956 2315 1203 2390 extollendam

161 2453 304 2503 censeo.

212 2544 397 2617 Caeterum
414 2543 479 2616 ubi
494 2554 694 2640 geometrae
706 2542 880 2616 encomiis
895 2542 983 2616 artis
996 2566 1106 2639 quam
1118 2566 1204 2640 pro·

160 2659 323 2747 fitentur,
347 2658 517 2755 imperite
544 2682 591 2731 an
619 2668 738 2731 astute
765 2657 902 2740 nescio,
925 2679 1009 2730 suas
1040 2657 1204 2752 ipsorum

160 2771 287 2844 laudes
316 2771 537 2857 immiscent,
554 2772 697 2844 licitum
724 2770 825 2859 mihi,
843 2782 948 2867 puto,
975 2771 1046 2843 erit
1074 2769 1204 2844 distin-

159 2908 285 2978 guere.
339 2884 535 2959 Quomodo
563 2896 685 2957 autem
710 2883 902 2958 scientiam
928 2884 1025 2957 hanc
1054 2882 1204 2957 laudare

160 2997 301 3069 soleant
319 2997 484 3093 magistri
499 2999 589 3093 ejus,
605 3021 649 3070 er
667 3020 742 3070 uno
757 2998 883 3071 Clario
901 2996 1108 3093 intelligere
1119 3019 1205 3092 pos·

160 3131 298 3195 sumuS,
316 3109 490 3182 laudante
514 3109 615 3183 illam
642 3110 681 3182 in
708 3110 979 3206 Prolegomenis
1006 3109 1054 3182 ad
1080 3108 1203 3181 Eucli-

162 3221 245 3293 dem
263 3220 332 3293 hoc
349 3221 482 3294 modo:
509 3222 585 3296 “Si
603 3245 690 3295 vcro
709 3221 880 3294 nobilitas
898 3234 1009 3317 atque
1026 3231 1204 3316 praestan-

161 3333 214 3404 tia
231 3333 392 3407 scientiae
410 3357 456 3405 ex
470 3333 691 3406 certitudine
706 3331 1059 3406 demonstrationum
1071 3331 1203 3429 quibus

161 3444 289 3529 utitur,
317 3445 366 3517 sit
394 3443 619 3540 judicanda:
654 3445 754 3518 haud
789 3444 900 3517 dubio
934 3443 1204 3518 mathematicae

162 3557 362 3653 disciplinae
379 3559 476 3631 iuter
489 3570 642 3632 caeteras
659 3582 784 3631 omnes
798 3558 1001 3655 principem
1015 3557 1204 3632 habebunt

161 3670 294 3743 locum.
338 3672 603 3745 Demonstrant
626 3672 725 3746 enim
748 3673 882 3763 omnia,
901 3672 947 3746 de
966 3672 1099 3769 quibus
1124 3693 1204 3744 sus-

162 3785 304 3880 cipiunt
331 3785 629 3881 disputationem,
647 3786 863 3859 firmissimis
883 3785 1098 3872 rationibus,
1116 3806 1204 3856 con·

161 3900 382 3994 firmantque
400 3899 453 3972 ita
468 3911 510 3971 ut
526 3923 611 3973 vere
625 3899 816 3973 scientiam
834 3899 872 3971 in
890 3898 1067 3972 auditoris
1080 3895 1203 3990 auimo

161 4011 328 4107 gignant,
347 4035 565 4108 omnemque
583 4035 734 4108 prorsus
758 4009 1025 4084 dubitationem
1049 4009 1204 4083 tollant:

162 4124 200 4198 id
217 4124 316 4221 quod
334 4125 413 4197 aliis
427 4125 589 4199 scientiis
606 4126 668 4198 vix
691 4125 865 4214 tribuere,
883 4125 977 4198 etc.'’
1028 4124 1076 4196 Et
1093 4122 1203 4219 paulo

162 4362 352 4447 expetunt,
383 4352 568 4444 adamant,
603 4352 863 4449 excoluntque,
897 4364 940 4427 nt
976 4375 1052 4427 uon
1085 4351 1203 4427 solum
