2946 5010
333 395 377 463 12
548 411 817 464 nxsurntrro
839 413 888 464 nr
908 412 1158 465 nunnnnrro

141 605 291 647 antonus
328 602 420 652 raro
435 579 587 678 saetam
604 581 745 674 uideo),
759 582 991 680 gearnatriea
1005 582 1126 679 plane
1148 582 1376 656 demonstra-

143 687 288 790 „22⁴
329 693 449 766 tiones
467 694 543 765 siat
568 694 639 766 hac
651 693 874 792 forinsecas
897 695 1144 778 advocanda·
1172 706 1212 768 at
1230 707 1375 786 contra,

328 831 411 903 qaae
435 808 664 905 geometrica
685 807 929 895 habebantur,
947 808 1156 906 simplicius
1173 809 1319 906 qrtidem
1337 820 1375 881 et

328 919 577 992 universalius
594 946 642 993 ea
653 946 754 1019 pare
770 921 1031 1011 arithmeticis,
1049 922 1215 1018 adeoque
1232 923 1375 994 aniver-

328 1032 482 1122 salibus,
495 1032 1232 1108 demonstraadavideantur.—Praetereo
1245 1035 1373 1131 ingra-

328 1145 419 1217 tiam
454 1159 557 1219 tuam
591 1147 692 1244 quod
728 1173 809 1237 vox,
845 1147 1082 1238 abstrahant,
1112 1149 1184 1222 hoc
1218 1149 1257 1222 in
1291 1148 1373 1222 loco

328 1259 586 1332 scholasticum
611 1261 671 1348 sit,
696 1261 868 1334 Latinum
895 1286 970 1335 non
994 1262 1053 1335 sit.
1107 1262 1181 1335 Sed
1201 1287 1291 1358 rogo
1322 1276 1372 1351 te,

327 1372 390 1445 ubi
407 1373 542 1467 probat
556 1373 594 1446 id
612 1373 712 1469 quod
728 1373 787 1446 hic
806 1373 921 1447 dicit?

378 1483 424 1558 B.
452 1486 664 1559 Probabunt
682 1485 794 1582 ipsius
811 1510 876 1583 per
894 1499 1014 1559 totum
1034 1486 1214 1583 hocopus
1233 1512 1255 1559 a
1272 1488 1372 1582 prin-

328 1599 432 1696 cipiis
456 1599 696 1672 arithmeticis
723 1599 984 1673 demonstrata
1009 1600 1262 1674 conclusiones
1284 1624 1371 1695 geo-

327 1714 501 1786 metricae.

378 1829 427 1899 A.
456 1827 499 1900 ld
528 1851 616 1923 ergo
651 1826 854 1900 videbimus
888 1827 1054 1899 inferius
1108 1826 1254 1899 Interea
1283 1849 1369 1899 vero

328 1940 454 2013 mirari
479 1940 568 2014 mihi
590 1940 699 2014 liceat
716 1941 835 2013 visum
858 1964 937 2013 esse
962 1940 1208 2013 necessarium
1226 1939 1371 2012 Euclidi

327 2077 499 2128 numeros
512 2054 604 2127 alios
618 2054 758 2150 planos,
773 2054 864 2127 alios
878 2053 1013 2126 solidos
1026 2053 1222 2149 appellare,
1236 2064 1275 2123 et
1293 2068 1370 2126 tam

327 2167 445 2240 multa
458 2167 503 2239 de
521 2167 592 2239 illis
611 2167 876 2240 demonstrare.
931 2166 1116 2237 Numerus
1134 2165 1232 2236 enim
1249 2188 1369 2261 neque

326 2280 537 2376 superficies
552 2292 619 2368 est,
636 2292 680 2351 ut
692 2279 809 2374 possit
821 2279 968 2375 proprie
983 2278 1055 2351 dici
1068 2278 1198 2373 planus
1213 2309 1222 2361 ;
1250 2301 1368 2374 neque

326 2417 472 2488 corpus,
486 2405 527 2464 ut
540 2392 656 2488 possit
669 2391 791 2464 vocari
806 2391 955 2464 solidus.
1003 2391 1076 2463 Sed
1089 2392 1184 2463 forte
1199 2391 1369 2465 Euclides

326 2529 518 2578 numerum
543 2530 566 2578 a
583 2504 761 2577 divisione
780 2505 958 2592 continui,
983 2517 1021 2576 et
1039 2504 1369 2578 demonstrationes

324 2619 576 2691 arithmeticas
600 2642 622 2690 a
647 2618 894 2712 geometricis,
920 2642 995 2691 nou
1019 2631 1151 2691 contra
1178 2630 1220 2689 ut
1242 2617 1370 2690 Walli-

325 2733 412 2814 sius,
431 2730 619 2804 derivavit.
671 2730 824 2803 Distulit
842 2755 929 2828 ergo
948 2732 1177 2805 theoremata
1194 2730 1368 2803 arithme-

326 2845 402 2917 tica
428 2844 475 2917 ad
493 2844 724 2917 Elementum
753 2846 974 2941 septimum;
1000 2857 1042 2917 ut
1068 2844 1106 2916 in
1127 2844 1198 2917 illis
1217 2843 1366 2917 demon·

324 2957 484 3031 strandis
501 2957 707 3029 imitaretur
725 2957 1055 3029 demonstrationes
1078 2956 1265 3052 quasdam,
1285 2982 1367 3053 quae

325 3073 467 3145 suntin
485 3071 675 3144 elementis
688 3071 922 3166 geometricis
935 3069 1251 3143 antecedentibus
1293 3070 1367 3142 lta-

326 3209 398 3281 que
415 3185 606 3258 Elementi
615 3185 662 3257 ix.
681 3184 951 3281 propositiones
976 3193 1019 3258 18
1033 3198 1071 3257 et
1089 3193 1145 3272 19,
1165 3183 1368 3256 fundantur

325 3299 363 3370 iu
398 3298 709 3395 propositionibus
749 3305 792 3371 16
821 3310 859 3369 et
891 3301 935 3380 17
967 3297 1150 3370 Elementi
1173 3297 1220 3369 vi.
1275 3297 1367 3369 Item

325 3412 451 3485 decem
482 3411 610 3508 primae
633 3409 902 3508 propositiones
919 3410 1035 3482 Elem.
1054 3411 1106 3500 ii.,
1138 3410 1176 3482 iu
1204 3410 1367 3482 numeris

324 3525 568 3600 demonstrari
585 3535 739 3620 possunt
754 3556 763 3607 ;
790 3547 854 3597 sex
872 3525 1092 3619 posteriores
1110 3547 1181 3595 non
1201 3534 1366 3618 possunt,

323 3651 519 3735 propterea
536 3637 636 3734 quod
659 3662 733 3711 non
758 3661 886 3709 omnes
903 3636 1010 3709 lineae
1034 3649 1120 3708 sunt
1137 3659 1366 3708 commensu-

324 3752 469 3826 rabiles.
521 3751 701 3824 Ostendat
732 3751 799 3824 tibi
829 3750 1026 3836 Wallisius,
1056 3750 1086 3822 si
1114 3760 1245 3844 potest,
1275 3749 1366 3822 duos

323 3889 509 3954 numeros,
521 3889 676 3960 quorum
688 3866 804 3961 major
816 3863 863 3936 ad
875 3865 1051 3935 minorem
1067 3862 1220 3935 eandem
1231 3863 1366 3935 habeat

324 3979 518 4068 rationem,
553 4003 664 4075 quam
694 3981 812 4074 majus
842 3988 1074 4071 segmentum
1103 3975 1210 4050 lineae
1239 3975 1365 4047 divisae

323 4103 490 4166 extrema
512 4103 549 4164 et
575 4091 697 4164 media
724 4091 867 4163 ratione
894 4088 941 4161 ad
967 4103 1198 4184 segmentum
1221 4090 1364 4170 minus;

324 4206 381 4278 vel
393 4230 501 4301 quam
512 4205 626 4277 habet
637 4203 806 4300 quadrati
821 4202 1023 4297 diagonalis
1038 4201 1202 4274 adlatus.
1240 4202 1365 4296 Ipsum

324 4319 420 4392 latus
433 4318 633 4414 appellabit
650 4318 804 4390 sortasse
818 4340 1029 4393 scamarum:
1056 4316 1121 4389 sed
1138 4330 1179 4388 ut
1198 4331 1234 4388 te
1248 4315 1363 4403 sallat,

324 4456 400 4505 uon
427 4431 565 4505 scribet
592 4430 703 4520 latas,
730 4428 794 4503 sed
812 4426 836 4518 l,
864 4428 920 4500 vel
935 4453 979 4525 p,
1007 4428 1063 4500 vel
1089 4427 1190 4501 aliud
1214 4427 1363 4525 aliquod
