2946 5010
289 358 372 445 ,876
517 368 903 433 numennumen
923 374 1107 433 crucum.

102 566 192 627 rnor-
206 574 259 617 xv.
294 544 469 647 quadrati
484 557 524 623 ct
540 544 670 623 circuli
686 545 901 645 equalibus.
938 546 1018 621 'Sin
1035 545 1220 621 dictorum
1236 544 1345 620 trile-

112 642 256 679 w-
291 672 462 737 -terorum
477 660 697 735 alterutrum
712 660 831 736 altero
846 660 967 757 majus
986 660 1048 751 sit,
1074 658 1233 734 circulus
1250 682 1345 755 quu-

291 772 407 849 umto
423 771 615 871 inmquelis
630 772 712 849 erit.

290 942 297 953 .
348 886 608 985 Suppouumus
624 909 714 985 ergo
732 885 940 961 trilaterum
957 884 1108 981 quidem
1124 896 1345 960 contentum

295 998 441 1076 duabus
456 998 568 1075 rectis
583 998 662 1091 ΔΕ,
680 998 751 1073 AR
765 1009 805 1072 et
821 1021 910 1073 arcu
927 998 996 1073 ER
1010 999 1130 1095 majus
1147 1021 1228 1073 esse
1239 997 1345 1073 trile-

297 1126 380 1191 tero
394 1114 499 1204 ΕΠ,
517 1124 693 1189 contento
722 1111 866 1187 duabus
887 1110 1001 1187 rectis
1016 1112 1091 1203 EF,
1109 1112 1181 1202 ΕΓ,
1197 1123 1237 1186 et
1252 1134 1346 1187 arcu

296 1226 386 1303 ET:
411 1226 468 1301 illi
488 1236 612 1302 eutem
637 1224 780 1323 aequule
804 1246 885 1299 esse
910 1225 1120 1300 trilatemm
1137 1226 1236 1314 Aer,
1253 1247 1344 1298 con-

297 1350 444 1415 tentum
461 1337 605 1415 duabus
619 1338 731 1414 rectis
742 1339 813 1430 Ae,
827 1337 939 1413 Aret
950 1362 1042 1413 areu
1053 1362 1113 1413 re.
1155 1338 1237 1413 Erit
1253 1348 1344 1435 ergo

298 1462 404 1529 rectu
417 1450 485 1527 ΑΕ
503 1452 622 1549 major
638 1474 750 1550 quam
767 1451 840 1542 Ae,
856 1464 896 1525 et
913 1451 983 1526 AR
998 1452 1119 1549 major
1141 1474 1251 1548 quum
1268 1451 1341 1525 Ar.

299 1566 350 1643 m
364 1576 469 1641 rectu
485 1563 554 1640 Ην
569 1563 689 1663 major
711 1586 823 1660 quem
845 1562 927 1655 HT,
943 1577 984 1639 et
1013 1588 1121 1639 arcus
1151 1564 1280 1639 circuli
1296 1587 1345 1637 re

299 1702 377 1755 nou
391 1678 512 1778 major
527 1700 640 1775 quem
655 1700 763 1753 arcus
780 1676 857 1751 RE.
909 1678 1030 1752 Arcus
1055 1690 1180 1753 autem
1192 1701 1241 1751 re
1257 1699 1344 1774 pro·

299 1792 458 1869 ducatur
474 1790 593 1867 donee
609 1803 781 1866 occurret
795 1785 989 1888 prodietae
1005 1791 1077 1866 HT
1089 1791 1128 1865 in
1141 1801 1169 1864 t.
1213 1790 1345 1887 Itaque

299 1904 508 1981 triletcrum
523 1915 742 1980 contentum
755 1902 897 1979 duabus
914 1904 1026 1978 rectis
1037 1904 1104 1993 eF,
1118 1904 1180 1994 Fr,
1198 1915 1236 1976 et
1252 1925 1345 1979 arcu

299 2028 355 2109 et,
369 2016 488 2093 multo
513 2018 633 2115 major
661 2017 732 2093 erit
758 2040 870 2115 quam
894 2016 1101 2093 trilaterum
1125 2027 1346 2091 contentum

301 2132 444 2208 duabus
468 2132 582 2207 rectis
598 2130 672 2222 EF,
690 2130 761 2222 Π,
779 2145 819 2207 et
834 2152 926 2207 arcu
940 2132 1015 2207 ΕΤ.
1068 2131 1194 2207 Quare
1220 2141 1346 2205 sector

301 2246 392 2321 Hrt
407 2246 521 2321 totius
537 2244 666 2321 circuli
680 2268 767 2343 parc
783 2257 917 2320 octava
942 2257 1093 2343 superat
1118 2244 1346 2341 triangulum

296 2358 418 2451 ΑΗΕ,
434 2371 604 2435 octavam
627 2370 772 2457 purtem
795 2357 967 2457 quadrati
983 2358 1132 2447 ABCD,
1148 2358 1347 2456 plusquam

300 2472 527 2569 triangulum
543 2471 650 2545 AHT
672 2481 866 2568 superetur
891 2494 914 2543 a
936 2484 1080 2545 sectore
1096 2470 1225 2544 eodem
1243 2471 1344 2547 Hrt.

302 2584 470 2659 Circulus
484 2609 572 2681 ergo
590 2607 657 2680 per
669 2606 703 2672 r,
715 2592 777 2672 e,t
793 2585 911 2679 major
927 2597 983 2657 est
996 2607 1106 2680 quam
1123 2584 1346 2681 quadratum

300 2697 448 2770 ABDC.
476 2697 653 2771 Similiter
665 2696 809 2769 ostendi
823 2709 956 2792 potest,
975 2697 1005 2768 si
1022 2697 1229 2770 trilaterum
1243 2699 1346 2771 AER

300 2825 501 2907 poneretur
527 2810 648 2883 minus
666 2833 745 2883 esse
764 2810 929 2882 trilatero
947 2811 1038 2883 ΕΗΓ
1056 2823 1093 2884 et
1114 2813 1196 2906 (per
1215 2835 1345 2885 conse-

301 2925 434 3019 quens)
457 2923 522 2994 Ην
539 2923 661 2994 minor
676 2946 790 3019 quem
806 2922 891 3010 HR,
916 2922 1093 2996 circulum
1118 2923 1345 3019 descriptum

300 3035 405 3110 radio
426 3037 491 3108 Ην
508 3037 687 3109 minorem
716 3036 794 3108 fore
826 3059 936 3132 quam
964 3037 1183 3132 quadratum
1198 3036 1344 3110 ABDC.

303 3151 398 3224 Sunt
428 3174 517 3246 ergo
544 3149 699 3244 aequalia
729 3149 826 3221 inter
850 3172 889 3222 se
910 3149 1129 3245 quadratum
1147 3149 1280 3223 ABDC
1307 3163 1346 3222 et

301 3263 458 3337 circulus
487 3264 591 3358 cujus
621 3262 892 3336 semidiameter
918 3274 974 3336 est
1003 3264 1087 3336 HR.
1139 3264 1235 3337 Dato
1254 3287 1345 3360 ergo

301 3376 480 3472 quadrato
498 3377 656 3451 circulus
674 3377 844 3449 inventus
862 3386 917 3449 est
933 3376 1095 3474 aequalis·

641 3599 886 3652 PROPOSITIO
911 3599 1001 3651 xvl.

349 3716 447 3789 Dato
466 3715 604 3789 circulo
622 3717 762 3813 aequale
779 3717 944 3790 iuvenire
961 3714 1192 3811 quadratum.

350 3829 497 3902 Circulo
514 3853 579 3925 per
598 3830 642 3917 R,
656 3831 699 3918 T,
713 3830 738 3903 S
755 3828 1016 3902 inveniendum
1033 3829 1081 3902 sit
1097 3827 1235 3924 aequale
1254 3852 1347 3924 qua-

301 3942 469 4015 dratum:
495 3943 543 4014 sit
567 3940 673 4014 datus
698 3941 857 4015 circulus
881 3966 948 4037 per
970 3943 1017 4028 R,
1027 3943 1071 4030 Τ,
1082 3942 1126 4015 G.
1177 3941 1348 4015 Ducatur

299 4080 366 4152 per
391 4054 424 4127 Τ
452 4054 550 4127 latus
577 4078 692 4127 unum
710 4055 880 4151 quadrati
906 4055 1014 4145 illius,
1039 4055 1138 4151 quod
1165 4054 1346 4128 circulum

299 4168 578 4258 circumscribit,
592 4190 724 4263 nempe
735 4168 818 4257 XV,
830 4166 1087 4265 dividaturque
1097 4169 1161 4242 TV
1174 4167 1345 4243 bifariam
