2946 5010
361 439 675 492 sterneremus:
696 439 938 491 RODIERNAE.
1096 428 1163 494 129

128 615 184 677 est
200 604 321 700 pretii,
340 629 459 702 neque
482 606 514 678 is
538 607 600 703 qui
628 607 729 679 illum
754 608 909 704 scripsit.
963 608 1167 703 Scripserat
1203 631 1352 672 ursaceus

127 717 363 813 Oughtredus
381 718 510 815 Capite
528 731 632 793 sexto
649 719 781 793 Clanis
794 718 1080 811 Mathematicoe,
1098 723 1166 795 snb
1208 712 1350 815 L

126 831 284 919 initium,
303 831 402 926 quod
419 832 588 927 quotiens
607 832 772 906 divisoris
790 832 1093 907 addividendum
1111 859 1168 909 ra·

125 944 264 1017 tionem
293 943 449 1017 indicat.
500 945 636 1017 Verum
658 945 696 1017 in
713 945 875 1018 editione
892 946 1049 1040 Anglica
1066 947 1168 1020 inve-

125 1057 187 1129 nio
205 1080 250 1129 eo
268 1057 362 1146 loco,
381 1058 605 1153 quotientem
625 1082 708 1130 esse
724 1059 903 1132 rationem
921 1059 1020 1133 illam
1038 1061 1166 1156 ipsam.

126 1171 234 1243 Forte
251 1194 340 1267 ergo
357 1172 450 1245 liber
467 1171 527 1245 ille
540 1173 718 1269 Anglicus
736 1196 782 1245 ex
794 1174 963 1246 versione
980 1185 1037 1248 est
1054 1175 1168 1270 ipsius

125 1282 291 1356 Wallisii.

177 1395 226 1468 B.
254 1396 401 1486 Nescio,
416 1398 481 1471 sed
497 1422 627 1494 parum
644 1400 777 1485 refert;
796 1424 872 1473 non
890 1401 988 1473 enim
1005 1400 1168 1474 creditur

125 1508 383 1604 Oughtredum
400 1512 452 1584 sic
469 1513 564 1585 verti
580 1512 748 1586 voluisse.

175 1622 225 1696 A.
253 1623 434 1719 Pergens:
475 1624 805 1723 Comparationem,
840 1652 920 1724 qua
954 1638 1010 1701 est
1043 1629 1170 1725 quoad

124 1735 389 1830 deffereatiam,
408 1738 462 1810 ad
488 1739 757 1836 quantitatem
782 1751 823 1813 at
853 1765 933 1837 qaoe
958 1741 1083 1837 quoad
1104 1766 1167 1813 ra·

125 1848 271 1937 tionem,
282 1849 338 1921 ad
344 1849 562 1946 qualitatem
574 1853 809 1949 rp‘erendam
818 1876 911 1941 esse,
923 1854 985 1927 ait.
1012 1854 1166 1949 Nempe,

125 1958 224 2033 illam
241 1960 290 2033 ad
307 1961 632 2058 praedicamentum
648 1964 881 2063 quantitatis,
899 1966 994 2038 hanc
1012 1966 1059 2038 ad
1076 1990 1169 2061 prae·

125 2072 376 2146 dicamentum
409 2073 616 2172 qualitatis.
680 2077 753 2150 Sed
788 2079 926 2172 quare?
989 2077 1087 2152 Quia
1120 2080 1166 2152 ab

125 2183 281 2259 Euclide
293 2185 466 2260 definitur
475 2206 540 2262 ποιὰ
554 2204 659 2280 σχέσις.
697 2191 754 2261 ΕΠ
765 2190 825 2261 hle
839 2202 1070 2281 κατηγοριμανιάν
1084 2215 1168 2286 pro·

123 2298 303 2373 fessorum
337 2301 640 2375 academicorum.
694 2301 794 2377 Quid
829 2313 953 2375 autem
984 2303 1168 2399 significat

123 2430 187 2484 ras
201 2425 323 2504 σχέσιςῖ

174 2532 225 2605 Β.
251 2531 520 2606 Habitadiaem
532 2532 800 2630 qualitativam,
811 2544 854 2606 ut
864 2534 924 2606 ille
937 2558 1035 2606 nunc
1045 2536 1167 2609 vertit.

125 2644 199 2719 Sed
217 2645 339 2718 fateor
356 2669 414 2719 me
438 2669 513 2718 non
536 2646 741 2742 intelligere
759 2670 877 2742 neque
896 2647 985 2743 quid
1002 2649 1049 2720 sit
1066 2648 1170 2722 tatt-

125 2759 225 2849 tado,
243 2782 363 2855 neque
377 2761 465 2856 quid
483 2759 531 2832 sit
548 2760 779 2856 qualitativa.
824 2761 935 2834 Dices
953 2761 1108 2834 fortasse
1127 2774 1168 2835 tu

124 2873 195 2947 hoc
211 2873 293 2946 loco
310 2873 474 2946 tussiisse
491 2873 603 2946 etiam
619 2873 819 2946 Euclidem.

175 2986 225 3059 Α.
257 2986 469 3082 Sequuntur
494 2985 665 3082 deinceps
697 2985 779 3059 duae
806 2986 950 3081 paginae
974 2987 1012 3058 in
1037 2988 1167 3082 quibus

124 3099 390 3194 interpretatur
416 3097 506 3192 qnid
533 3097 607 3171 sint
637 3097 859 3195 progressio
880 3090 1114 3194 geometrica
1130 3113 1169 3173 et

119 3210 348 3310 progressio
381 3209 629 3297 arithmetica,
658 3211 828 3282 continua
858 3219 896 3282 et
930 3212 1142 3309 interrupta
1153 3241 1168 3295 ;

123 3324 188 3396 ubi
211 3347 287 3396 non
310 3333 388 3395 tam
418 3320 521 3394 deest
537 3322 684 3409 veritas,
704 3346 813 3416 quam
839 3323 1028 3395 abundant
1045 3325 1167 3395 verba.

125 3437 246 3533 Caput
262 3435 477 3509 vicesimum
494 3447 649 3522 sextum,
678 3436 842 3508 continet
859 3434 1060 3509 solutiones
1078 3460 1168 3530 qua-

124 3549 282 3623 rundam
310 3547 553 3644 quaestionum
587 3547 750 3620 facilium
780 3572 846 3643 per
875 3549 1168 3643 progressionem

123 3662 407 3749 arithmeticam,
422 3659 500 3733 sine
518 3659 903 3748 demonstrationibus,
918 3674 960 3732 ut
978 3660 1075 3755 apud
1092 3661 1170 3733 vul-

123 3801 194 3874 gus
207 3775 523 3849 arithmeticorum
540 3775 798 3869 practicorum.
826 3774 945 3868 Caput
957 3774 1171 3846 vicesimum

124 3889 323 3987 septimum
350 3887 479 3960 eadem
497 3898 534 3959 et
552 3886 729 3960 nonnulla
754 3885 825 3957 alia
844 3885 1008 3980 ejusdem
1025 3887 1170 3980 generis

122 4026 192 4101 per
208 3999 375 4099 symbola
392 4000 630 4087 demonstrat,
648 4000 768 4072 minus
786 3998 987 4094 perspicue,
1005 4022 1072 4071 nec
1089 4000 1172 4072 bre-

123 4116 204 4190 vius
240 4137 351 4211 quam
385 4113 526 4209 possint
567 4111 810 4184 demonstrari
851 4110 1017 4183 oratione
1051 4111 1170 4209 plena.

124 4229 295 4325 Denique
330 4226 451 4321 capite
486 4225 658 4296 vicesimo
695 4237 825 4296 octavo
861 4223 988 4294 eadem
1024 4225 1172 4298 brevius

123 4342 264 4430 scribit,
294 4338 361 4412 sed
392 4338 658 4415 obscurissime.
711 4338 835 4433 Caput
862 4337 1076 4412 vicesimum
1106 4365 1171 4412 no·-

225 4472 395 4527 von.1v.
1043 4474 1071 4527 Κ
