2946 5010
311 383 383 450 224
530 396 797 451 annuissem
816 398 867 450 nr
886 398 1131 451 nununsrro

120 583 273 630 mnu,
310 537 624 612 semicirculorum
644 539 803 635 quidem,
822 553 861 611 et
880 539 1139 635 quadrantum,
1151 548 1188 610 et
1201 538 1358 611 aliorum

310 664 492 725 sectorum
520 666 649 726 centra
673 652 867 749 gravitatis
893 676 1130 748 cognoscere,
1157 651 1358 724 utilitatem

311 764 473 862 aliquam
502 767 614 841 habet
631 766 678 840 ad
695 790 830 862 magna
847 766 1013 855 aedificia,
1031 776 1229 861 propterea
1256 765 1358 859 quod

310 900 399 951 saxa
415 878 572 974 grandia
589 878 673 951 talis
690 878 831 966 formae,
849 902 1010 974 appensa
1032 902 1054 950 a
1072 877 1208 950 centris
1234 878 1358 972 gravi-

123 669 267 773 21¹·-

310 1002 428 1064 tatum
446 1015 607 1080 suarum,
625 992 761 1065 elevari
778 992 817 1064 iu
834 992 950 1065 altum
968 1002 1121 1087 possunt
1143 991 1358 1062 horizonta-

309 1104 406 1194 liter,
435 1118 473 1179 et
498 1105 653 1203 proinde
677 1117 763 1203 apte
794 1106 989 1189 collocari;
1016 1105 1116 1201 quod
1144 1105 1252 1178 aliter
1274 1104 1358 1177 fieri

312 1241 391 1291 non
402 1230 537 1315 potest,
555 1220 633 1292 sine
648 1219 766 1292 multo
781 1218 917 1305 labore,
932 1231 1043 1313 atque
1058 1218 1169 1290 etiam
1191 1217 1356 1312 periculo

310 1354 369 1420 ne,
389 1332 476 1405 dum
494 1333 658 1405 vectibus
677 1331 979 1427 detorqueantur,
999 1331 1268 1425 diffringantur.

359 1444 408 1518 B.
436 1444 587 1543 Redigis
605 1445 695 1519 mihi
713 1445 751 1518 in
769 1446 983 1518 memoriam
1000 1444 1162 1517 fabulam
1177 1443 1294 1539 vulpis
1317 1456 1357 1518 et

309 1558 459 1632 racemi.

359 1671 408 1745 A.
436 1671 553 1745 lrride
582 1681 761 1769 quantum
784 1670 945 1743 libuerit.
999 1670 1079 1765 Ego
1110 1669 1190 1742 haec
1225 1670 1357 1742 nihilo·

309 1783 431 1858 miuus
453 1784 658 1880 relinquam
677 1784 748 1857 illis
761 1784 894 1880 quibus
910 1784 1057 1878 longius
1082 1796 1250 1878 speratur
1264 1796 1357 1856 tem·

306 1921 378 1995 pus
411 1897 571 1970 vivendi.
652 1896 774 1969 Credo
811 1908 848 1969 te
883 1896 945 1991 qui
981 1895 1356 1970 demonstrationibus

306 2010 473 2107 legendis
490 2011 654 2083 animum
672 2011 807 2083 acriter
825 2009 1017 2082 intendere
1042 2009 1170 2082 solitus
1188 2034 1239 2098 ea,
1264 2011 1355 2083 satis

304 2123 382 2220 jam
402 2122 553 2197 tandem
567 2123 810 2219 defatigatum
829 2146 918 2195 esse.

360 2236 410 2310 B.
437 2237 517 2332 Ego
535 2260 621 2309 vero
636 2236 798 2308 minime.
837 2235 1009 2308 Delector
1027 2235 1125 2307 enim
1143 2237 1353 2331 paradoxis

307 2350 429 2445 qualia
446 2362 532 2423 sunt
548 2349 641 2439 haec,
656 2373 738 2445 quae
756 2348 911 2444 legimus
924 2349 1000 2421 fere
1019 2349 1152 2421 omnia.

362 2462 411 2535 A.
440 2463 545 2535 Itane
560 2462 636 2535 ais?

359 2574 407 2648 B.
436 2574 537 2648 Quid
571 2573 635 2647 ni?
694 2572 805 2647 Quod
838 2585 1016 2668 puuctum
1047 2573 1353 2668 magnitudinem,

307 2687 376 2759 etsi
408 2685 604 2783 aliquando
631 2709 707 2757 uou
737 2684 1018 2773 consideratam,
1043 2686 1200 2780 aliquam
1228 2701 1354 2762 tamen

307 2799 453 2886 habeat,
471 2798 698 2894 paradoxum
716 2823 791 2870 non
810 2797 894 2871 est?

357 2912 405 2983 A.
433 2913 499 2983 Est
513 2911 672 3005 quidem,
685 2911 847 3006 sequutis
862 2912 1055 2983 doctorum
1069 2913 1329 2987 authoritatem
1344 2950 1353 2998 ;

307 3027 496 3099 utentibus
527 3037 648 3098 autem
678 3026 820 3099 ratione
846 3025 1007 3121 propria,
1026 3025 1252 3120 paradoxum
1276 3053 1354 3101 uon

306 3150 372 3211 est.

359 3252 406 3324 B.
436 3251 545 3326 Quod
565 3251 657 3324 ratio
678 3251 897 3346 ecquidem,
917 3275 1027 3346 quam
1045 3252 1183 3323 habent
1200 3252 1295 3324 inter
1314 3278 1354 3327 se

306 3365 379 3438 duo
397 3365 602 3460 inaequalia,
622 3365 808 3459 quantitas
832 3366 890 3455 sit,
911 3390 1070 3452 cavero,
1090 3390 1197 3459 quam
1215 3366 1354 3443 habeut

307 3478 379 3550 duo
414 3478 581 3574 aequalia,
617 3479 804 3571 quantitas
836 3502 911 3550 uon
945 3478 1003 3563 sit,
1029 3477 1257 3574 paradoxum
1284 3493 1352 3555 est.

306 3591 418 3666 Quod
436 3592 473 3663 in
492 3591 610 3663 tribus
628 3591 800 3663 continue
827 3591 1174 3686 proportionalibus
1194 3618 1354 3687 quorum

304 3707 462 3801 primum
491 3716 546 3777 est
577 3705 781 3793 minimum,
810 3705 904 3776 ratio
931 3705 1040 3800 primi
1066 3705 1113 3776 ad
1149 3707 1353 3780 secundum

304 3819 464 3891 semissis
490 3831 546 3890 est
572 3819 725 3891 rationis
755 3819 863 3914 primi
891 3818 938 3890 ad
964 3818 1134 3891 tertium:
1162 3820 1260 3914 quod
1286 3846 1353 3893 au-

302 3933 410 4027 gulus
441 3932 650 4004 rectilineus
681 3944 737 4003 est
762 3931 950 4025 quantitas
981 3932 1230 4004 conversionis
1257 3927 1353 4006 radii

303 4046 402 4117 circa
419 4056 610 4117 centrum:
640 4043 738 4139 quod
768 4044 924 4139 arigulus
951 4057 1143 4117 contactus
1162 4059 1218 4116 est
1235 4067 1352 4140 quau-

303 4159 403 4245 titas,
436 4183 514 4231 esse
543 4170 666 4230 tamen
702 4157 857 4252 angulos
881 4157 928 4229 ad
955 4183 1046 4252 quos
1077 4158 1138 4230 ille
1170 4159 1352 4231 rationem

302 4269 435 4344 lrabeat
461 4271 623 4343 nullam:
651 4270 784 4342 deiude
815 4270 889 4360 illa,
920 4295 1001 4365 quae
1032 4271 1118 4343 hinc
1153 4270 1351 4361 deduxisti,
