2946 5010
427 433 707 487 eaoanunars
726 433 920 487 nursica,
1119 418 1191 484 319

151 599 381 695 plenitudine
398 601 597 698 supposita,
615 601 799 697 quomodo
822 600 1089 675 demonstrabis
1109 623 1193 698 pos-

152 713 256 787 sibile
274 715 423 788 omnino
442 727 580 789 esseut
597 714 843 789 divellantur?

203 824 250 900 B.
277 828 410 924 Cogita
442 829 561 925 primo
596 852 728 925 corpus
761 827 910 925 aliquod
942 827 1091 914 ductile,
1124 850 1193 901 nec

152 940 261 1014 nimis
280 940 424 1031 durum,
450 954 493 1015 ut
519 966 652 1031 ceram,
683 941 835 1015 induas
862 954 986 1037 partes
1012 939 1192 1014 distrahi:

153 1077 235 1149 quaa
253 1067 378 1127 tamen
400 1067 524 1150 partes
552 1080 627 1128 uon
651 1055 772 1127 minus
794 1066 924 1128 exacte
947 1055 985 1127 in
1008 1052 1195 1127 communi

152 1164 262 1260 plano
281 1190 320 1239 se
338 1179 466 1240 mutuo
484 1178 644 1263 tangunt
660 1190 769 1263 quam
786 1166 980 1240 laevissima
997 1188 1193 1239 marmora.

152 1275 234 1349 Jam
270 1302 344 1375 quo
376 1288 486 1374 pacto
521 1277 746 1352 distrahatur
779 1301 876 1367 cera,
910 1277 1193 1351 cousideremns.

154 1388 288 1463 Nonne
307 1403 485 1488 perpetuo
507 1403 732 1480 attenuatur,
750 1390 868 1465 donec
885 1390 923 1463 in
941 1389 1044 1465 filum
1062 1389 1195 1463 evadat

152 1503 417 1591 tenuissimum,
436 1515 473 1577 et
496 1505 596 1577 omni
617 1505 702 1577 dato
727 1527 850 1577 crasso
878 1504 1046 1577 tenuius:
1073 1515 1112 1578 et
1141 1503 1194 1576 sic

152 1615 301 1689 tandem
319 1616 530 1691 divellitur?
581 1616 719 1690 Eodem
738 1616 848 1690 modo
871 1616 982 1689 etiam
1001 1615 1195 1690 durissima

153 1728 324 1802 columna
340 1730 379 1802 in
398 1730 487 1803 duas
504 1742 628 1827 partes
645 1730 879 1819 distrahetur,
905 1731 937 1803 si
952 1730 1026 1802 nm
1052 1740 1193 1803 tantam

153 1838 327 1914 adhibeas
357 1857 495 1938 quanta
527 1842 661 1915 sufficit
690 1841 738 1915 ad
768 1842 1012 1915 resistentiam
1046 1840 1194 1914 duritiei

156 1954 411 2049 superandam.
479 1955 582 2028 Sicut
611 1957 709 2030 enim
742 1955 780 2027 in
808 1978 894 2029 cera
922 1967 1045 2051 partes
1072 1955 1191 2051 primo

153 2067 299 2140 extimae
327 2066 592 2158 distrahuntur,
627 2067 666 2140 in
696 2091 850 2164 quarum
877 2068 999 2141 locum
1029 2066 1192 2141 succedit

152 2202 236 2252 aer:
263 2180 316 2253 ita
332 2180 444 2253 etiam
467 2181 506 2252 iu
532 2202 686 2276 corpore
710 2180 979 2275 quantumlibet
1009 2180 1102 2254 duro
1130 2203 1193 2253 aer

152 2293 273 2365 locum
299 2294 397 2367 subit
421 2293 582 2390 partium
609 2292 839 2382 extimarum,
863 2317 945 2388 quae
965 2294 1092 2390 primae
1115 2294 1194 2367 vul-

153 2405 263 2479 sionis
276 2406 412 2480 viribus
430 2406 701 2502 dirumpuntur.
735 2407 800 2479 Vis
813 2419 936 2479 antem
951 2430 1033 2503 quae
1046 2419 1195 2503 superat

153 2519 398 2592 resistentiam
418 2520 579 2616 partium
603 2520 822 2592 extimarum
848 2518 943 2609 duri,
961 2519 1069 2593 facile
1086 2542 1193 2616 supe-

153 2632 250 2705 rabit
283 2633 527 2706 resistentiam
560 2632 794 2729 reliquarum.
858 2633 954 2706 Nam
986 2632 1194 2706 resistentia

152 2745 271 2841 prima
288 2758 344 2818 est
366 2758 485 2819 atoto
510 2744 616 2834 duro,
643 2745 866 2840 reliquarum
883 2770 970 2821 vero
1000 2770 1144 2844 semper
1170 2769 1194 2820 a

153 2857 311 2931 residuo.

206 2971 256 3044 Α.
283 2972 340 3044 Ita
360 2970 508 3066 quidem
529 2971 676 3044 videtur
701 2971 948 3045 consideranti
975 2996 1085 3069 quam
1112 2997 1194 3047 cor-

156 3108 248 3180 pora
274 3084 453 3180 quaedam,
481 3084 684 3179 praesertim
702 3108 788 3157 vero
815 3083 1021 3173 durissima,
1050 3086 1195 3181 fragilia

157 3197 242 3271 sint.
295 3198 477 3270 Caeterum
495 3195 541 3269 de
559 3196 694 3270 duritie
708 3196 943 3293 interrogabo
961 3209 999 3269 te
1012 3197 1083 3270 alio
1100 3209 1194 3270 tem-

158 3334 257 3406 pore.
309 3308 368 3382 Ad
384 3333 541 3383 vacuum
565 3333 664 3382 nunc
692 3321 869 3381 revertor.
922 3309 1023 3382 Quas
1054 3333 1193 3399 causas,

155 3423 232 3496 sine
245 3423 496 3519 suppositione
509 3422 626 3510 vacui,
641 3420 850 3494 redditurus
869 3443 908 3493 es
925 3420 1071 3494 illorum
1085 3423 1194 3495 effec-

155 3549 260 3608 tuum
278 3536 340 3630 qui
358 3535 603 3608 ostenduntur
617 3557 682 3630 per
700 3534 906 3607 machinam
923 3535 1022 3608 illam
1040 3559 1121 3632 quae
1138 3547 1194 3608 est

155 3648 193 3720 in
212 3649 374 3744 Collegio
393 3645 675 3722 Greshamensii

206 3760 255 3833 B.
282 3762 456 3834 Machina
473 3759 536 3833 illa
559 3760 707 3833 eosdem
731 3760 883 3833 effectus
901 3760 1083 3856 producit,
1102 3783 1193 3857 quos

153 3874 375 3969 produceret
405 3874 442 3944 in
473 3873 555 3945 loco
584 3896 659 3945 uon
686 3895 820 3967 magno
849 3896 1004 3968 magnus
1031 3873 1193 3947 inclusus

154 3998 297 4060 ventus.

205 4097 253 4172 A.
282 4099 476 4173 Quomodo
499 4097 705 4194 ingreditur
726 4098 819 4171 istuc
846 4097 1001 4170 ventus?
1053 4098 1195 4173 Machi-

158 4236 244 4285 nam
263 4213 361 4285 nosti
378 4211 584 4310 cylindrum
597 4235 674 4285 esse
692 4234 832 4298 cavum,
846 4234 1011 4283 aeneum:
1030 4212 1069 4284 in
1086 4236 1194 4308 quem

161 4327 394 4422 protruditur
418 4325 604 4424 cylindrus
627 4325 720 4399 alius
747 4324 884 4399 solidus
910 4325 1065 4422 ligneus,
1094 4326 1194 4401 corio

1247 620 1315 661 GAP·
1329 619 1374 660 111.

1233 687 1376 722 s-s-ae

1246 746 1281 790 De
1290 758 1368 790 vacuo.
