2946 5010
432 426 746 480 unrunmnmca
765 428 1007 480 Ronlanum.
1166 415 1234 480 189

247 591 295 663 B.
322 591 369 663 Et
388 592 543 664 merito:
573 592 753 689 siquidem
769 593 978 666 Robervalli
1009 592 1235 667 demonstra·
1278 620 1426 661 antonus

196 704 334 776 tionem
353 703 519 776 ediderat
536 718 577 776 ut
591 728 706 777 suam.
1277 701 1423 806 ss,

247 817 281 889 Α
287 873 295 889 .
324 815 398 889 Sed
432 816 782 890 demonstrationem
817 816 1028 890 Robervalli
1055 827 1169 914 negat
1198 841 1237 890 se

194 929 328 1002 vidisse
345 962 355 1013 ;
382 929 448 1002 sed
461 954 545 1002 cum
564 931 821 1004 convenissent
838 931 985 1004 Parisiis
1009 931 1047 1004 in
1067 931 1236 1004 coenobio

195 1043 448 1132 Minimorum,
462 1044 553 1139 ipse,
565 1045 797 1133 Mersennus,
809 1044 1063 1133 Robervallus,
1077 1056 1116 1117 et
1128 1067 1239 1140 quar-

195 1169 255 1229 tus
284 1180 393 1252 quem
423 1180 497 1229 non
532 1159 711 1246 nominat,
741 1157 1003 1253 incidissetque
1034 1181 1154 1231 sermo
1192 1155 1238 1228 de

195 1270 471 1366 comparatione
504 1270 648 1366 spiralis
682 1281 720 1344 et
753 1271 984 1366 parabolicae,
1016 1276 1039 1310 “
1054 1269 1238 1358 videtur”‚

196 1384 318 1478 inquit
348 1384 531 1473 Hobbius,
549 1384 681 1458 “linea
699 1385 841 1481 spiralis
860 1385 1010 1480 aequalis
1027 1408 1106 1457 esse
1125 1393 1239 1457 reotae

195 1521 278 1593 quae
296 1497 486 1570 subtendit
509 1498 834 1594 semiparabolam
862 1499 967 1594 cujus
985 1498 1132 1594 quidem
1161 1498 1239 1570 axis

195 1610 241 1682 sit
259 1610 409 1705 aequalis
439 1611 729 1707 semiperimetro
758 1611 886 1684 circuli
916 1612 1087 1707 spiralem
1118 1611 1237 1684 conti·
1284 1648 1288 1657 ·

195 1722 328 1810 nentia,
341 1723 439 1796 basis
457 1737 580 1797 autem
598 1724 760 1821 ejusdem
780 1724 908 1797 circuli
925 1724 1064 1798 radio.'’
1107 1725 1239 1818 Itaque

195 1849 297 1909 creta
314 1836 509 1933 designans
530 1839 687 1934 figuram
717 1839 755 1910 in
785 1838 938 1933 pariete,
956 1838 1008 1910 sic
1038 1836 1238 1933 arguebat:

196 1954 219 1988 “
239 1949 424 2023 Quoniam
442 1949 480 2023 in
498 1974 566 2023 axe
583 1951 780 2047 parabolae,
797 1964 931 2040 motus,
958 1975 1033 2046 ‚quo
1063 1949 1241 2046 parabola

195 2074 405 2157 generatur,
425 2075 581 2159 augetur
600 2065 709 2160 juxta
725 2064 907 2137 rationem
936 2078 1144 2159 temporum
1172 2061 1241 2135 du-

195 2176 382 2271 plicatam,
401 2188 523 2249 motus
542 2187 667 2248 autem
682 2178 721 2249 in
735 2176 822 2249 base
834 2189 891 2249 est
903 2176 1113 2260 uniformis;
1138 2177 1239 2264 item,

196 2290 425 2383 quiamotus,
445 2313 518 2384 quo
535 2302 733 2384 generatur
744 2290 888 2387 spinalis
906 2291 945 2363 in
959 2290 1110 2377 circulo,
1127 2313 1240 2386 auge-

196 2411 257 2474 tur
275 2401 312 2474 in
330 2403 473 2475 ratione
488 2413 695 2499 temporum
714 2403 911 2499 duplicata,
929 2402 1024 2475 etin
1052 2402 1155 2475 radio
1185 2413 1243 2475 est

196 2514 411 2587 uniformis:
448 2515 595 2588 videtur
630 2514 757 2589 similis
792 2539 871 2588 esse
905 2516 1094 2611 generatio
1134 2515 1242 2588 unius

194 2628 427 2722 generationi
439 2628 609 2713 alterius;
630 2642 666 2702 et
678 2629 847 2726 proinde,
866 2628 897 2702 si
910 2628 1243 2725 vertexsemipare·

196 2740 291 2813 bolae
309 2765 394 2813 cum
411 2742 570 2815 termino
587 2742 685 2815 basis
703 2751 986 2814 connecteretur
1012 2765 1079 2837 per
1108 2741 1243 2815 lineam

197 2868 350 2943 rectam,
369 2867 509 2927 rectam
526 2855 638 2941 illam,
656 2866 698 2928 ut
712 2879 795 2951 quae
813 2855 968 2928 eandem
994 2855 1107 2928 habet
1133 2878 1242 2951 gene·

196 2967 390 3055 rationem,
418 2967 595 3062 aequalem
627 2990 706 3040 esse
735 2980 906 3064 oportere
935 2969 1096 3064 spirali.'’
1149 2968 1243 3042 Quae

195 3081 311 3153 illatio
329 3104 417 3153 vera
433 3104 508 3153 non
519 3092 609 3168 erat,
621 3081 686 3153 sed
700 3092 830 3154 contra
844 3080 1116 3153 conclusionem
1128 3104 1242 3176 quam

196 3194 352 3289 probare
387 3205 541 3266 conatus
575 3204 641 3266 est.
722 3193 765 3265 Id
797 3218 879 3266 oum
924 3192 1242 3264 animadvertisset

196 3306 448 3395 Robervallus,
462 3311 485 3344 “
498 3307 633 3393 recta'',
652 3306 783 3400 inquit,
799 3312 821 3344 “
834 3303 1138 3401 semiparabolam
1156 3304 1242 3376 sub-

197 3420 364 3508 tendenS,
392 3421 435 3492 fit
469 3444 491 3492 a
516 3430 619 3491 motu
649 3429 807 3513 utroque
837 3417 1046 3491 uniformi.’'
1112 3417 1241 3510 Itaque

197 3533 341 3628 abjecta
359 3545 462 3605 creta
480 3555 642 3604 errorem
659 3532 811 3627 agnovit
829 3531 1011 3604 Hobbius.
1038 3531 1089 3602 At
1100 3528 1242 3602 Rober-

197 3646 314 3719 vallus
332 3645 510 3741 postridie
527 3645 683 3718 eandem
700 3644 992 3741 propositionem
1010 3643 1058 3717 ad
1077 3644 1242 3716 Mersen-

196 3783 285 3831 num
303 3758 590 3833 demonstratam
608 3757 742 3832 attulit.
798 3757 921 3831 Quam
937 3769 1061 3830 tamen
1089 3755 1241 3828 demon-

196 3872 412 3944 strationem
430 3896 503 3945 non
522 3872 615 3944 vidit
634 3870 815 3958 Hobbius,
830 3869 895 3942 sed
911 3880 1040 3965 postea
1052 3868 1242 3942 theorema

195 3984 294 4057 idem
311 4009 377 4057 sua
390 3984 564 4058 methodo
578 3981 856 4071 demonstravit,
871 3981 1072 4076 ediditque.

246 4098 296 4171 A.
325 4099 364 4172 Si
382 4097 435 4171 ita
453 4109 521 4183 est,
539 4097 788 4169 inventionem
807 4095 907 4168 illam
940 4093 1089 4167 Hobbio
1117 4093 1240 4190 potius

198 4235 309 4306 quam
325 4212 544 4285 Robervallo
559 4210 822 4306 adjudicarem,
837 4220 874 4284 et
891 4209 990 4283 hunc
1004 4232 1115 4303 quam
1132 4206 1236 4280 illum
