2946 5010
351 413 668 467 nannauarrcra
689 412 934 468 nonianus.
1120 399 1169 466 43

123 588 269 668 contra,
287 591 435 652 causam
454 581 570 676 qnaeri
586 605 655 676 per
671 583 839 678 cognitos
857 582 1032 664 effectus;
1059 591 1169 676 atque
1202 606 1355 650 uniones

122 692 163 766 id
179 715 255 765 non
268 714 376 788 posse
393 708 564 767 accurate
580 694 673 781 fieri,
698 705 895 791 propterea
918 693 1018 790 quod
1035 693 1170 767 similes
1210 689 1353 794 „L

123 807 279 880 effectus
296 829 372 879 non
396 816 540 903 semper
563 819 602 881 et
617 809 825 882 necessario
850 807 986 881 similes
1008 807 1171 881 habeant

122 941 277 994 causas:
306 921 357 993 ob
386 945 469 994 eam
497 945 577 994 rem
598 922 790 1020 potiorem
820 921 1171 995 demonstrationem

122 1058 208 1108 eam
221 1033 379 1124 duxisse,
393 1058 467 1132 qua
480 1035 632 1108 effectus
644 1056 711 1132 per
724 1059 874 1109 causam
884 1034 1172 1120 demonstratur,

123 1169 210 1244 quae
226 1156 284 1220 est
298 1160 348 1220 rot
361 1158 439 1230 ner,
462 1171 572 1244 quam
589 1172 633 1223 ea
650 1172 732 1245 quae
755 1172 904 1222 causam
921 1147 1109 1221 concludit
1125 1170 1173 1220 ex

123 1260 273 1347 effectu,
287 1261 892 1360 quomqueproptereaappellavit
907 1273 959 1332 rot
972 1273 1022 1332 tn.
1076 1259 1171 1335 Quae

123 1385 253 1447 temen
282 1371 486 1449 scientifica
519 1398 595 1448 non
625 1386 693 1464 est,
729 1389 767 1450 et
799 1374 955 1472 proinde
984 1397 1054 1448 nec
1083 1396 1172 1447 vera

124 1486 407 1562 demonstratio.
458 1488 545 1562 Non
569 1487 669 1562 enim
687 1488 818 1586 incipit
841 1486 1170 1577 adelinitionibus,

123 1599 190 1675 sed
203 1600 251 1674 ab
261 1598 541 1696 hypothesibus,
553 1625 636 1699 quae
648 1600 750 1676 falsae
762 1625 840 1676 esse
850 1613 1028 1699 possunt;
1054 1623 1171 1697 quan-

125 1736 251 1810 quam,
274 1712 425 1789 sinulla
441 1716 704 1813 experimenta,
727 1714 838 1788 etiam
857 1725 941 1812 post
958 1712 1171 1810 longissima

125 1838 306 1923 tempora,
331 1851 394 1902 eas
424 1829 661 1924 redarguant,
688 1829 777 1902 satis
804 1840 912 1902 erunt
936 1826 1169 1924 probabiles;

127 1938 194 2013 sed
210 1941 441 2016 theoremata
462 1941 549 2015 inde
566 1940 725 2015 deducta
749 1965 826 2015 non
842 1953 996 2037 possunt
1017 1940 1090 2014 dici
1107 1939 1171 2014 de·

127 2065 346 2129 monstrata.
401 2056 552 2129 Frustra
569 2078 658 2151 ergo
671 2055 805 2151 quaerit
817 2053 1002 2127 Wallisins
1019 2053 1171 2126 demon-

128 2166 347 2241 strationem
375 2186 423 2241 τοῦ
449 2181 492 2240 tn
519 2168 617 2244 inter
647 2167 976 2241 demonstrationes
996 2164 1170 2240 Euclidis.

129 2280 205 2354 Sed
220 2280 445 2378 pergo-Si
462 2281 543 2377 quis
566 2281 720 2378 denique
744 2279 910 2376 objiciat,
938 2303 994 2351 me
1011 2287 1091 2352 tres
1108 2278 1172 2351 de-

129 2393 408 2467 monstrationis
424 2395 736 2494 specieeseciese‚
763 2417 843 2465 cum
860 2390 972 2489 vulgo
990 2390 1071 2465 duce
1087 2401 1172 2464 ton-

131 2516 206 2581 tum
239 2517 469 2598 statuuntur,
491 2507 637 2605 poterit
667 2506 745 2596 tlte,
779 2505 815 2579 si
833 2503 978 2604 placet,
1013 2503 1172 2577 duarum

126 2620 299 2719 priorum
320 2629 513 2718 utromque
535 2619 880 2694 demonstrationem
899 2630 948 2689 τοῦ
967 2630 1008 2688 ὅτι
1033 2617 1171 2691 dicere.

130 2733 220 2806 Non
250 2733 345 2807 enirn
378 2732 469 2807 libet
502 2733 549 2806 de
577 2732 700 2806 nobie
726 2731 958 2819 contendere,
987 2730 1093 2804 modo
1124 2730 1172 2804 de

130 2845 241 2919 rebus
257 2847 626 2943 constet—Benigne
643 2868 742 2935 sane,
768 2844 833 2942 qui
856 2843 946 2940 quid
966 2865 1094 2916 verum
1110 2843 1170 2930 sit,

131 2958 280 3056 quiade
298 2984 338 3034 re
354 2984 430 3034 non
447 2972 604 3051 constat,
630 2971 852 3057 potestatem
874 2959 980 3034 nobis
1002 2958 1171 3033 concedit

130 3072 301 3170 eligendi.

182 3187 232 3260 B.
257 3186 364 3283 Eligo
381 3188 493 3284 igitur
510 3189 602 3273 hoc;
628 3213 743 3262 unum
755 3213 834 3263 esse
851 3187 1171 3263 demonstrationis

130 3323 247 3397 genus
263 3324 397 3397 nempe
413 3319 459 3373 rot
471 3313 547 3385 διότι,
565 3302 641 3375 sive
659 3301 845 3375 conclusio
865 3301 1003 3375 directe
1020 3299 1171 3373 demon-

133 3426 282 3503 stretur,
300 3413 378 3487 sive
393 3437 459 3510 per
477 3413 735 3488 deductionem
753 3413 802 3488 ad
818 3414 1028 3488 absurdum.

184 3529 233 3602 A.
260 3527 306 3602 In
324 3527 455 3625 Capite
473 3537 604 3623 quarto
621 3527 699 3622 agit
716 3528 762 3602 de
778 3529 932 3617 unitate,
950 3549 1116 3614 numero,
1134 3538 1173 3599 et

132 3642 277 3715 numeri
316 3640 703 3738 principio—Ueritas
743 3651 801 3715 eet
836 3640 1032 3714 secondum
1067 3648 1172 3735 quom

131 3754 403 3852 nnumqntodpue
425 3779 533 3827 unum
558 3753 709 3829 dicitur.
761 3755 945 3828 Numerus
969 3762 1089 3826 antem
1115 3763 1172 3826 ent

130 3893 179 3942 ee
211 3866 419 3941 unitatibus
452 3868 654 3966 composito
683 3866 1091 3941 multitudo-Scilicet
1120 3867 1174 3941 ita

131 3979 260 4055 definit
276 3980 452 4054 unitatem
469 3990 508 4054 et
523 4005 709 4055 nummum
726 3980 907 4054 Euclides.

181 4094 231 4168 B.
258 4094 319 4167 An
338 4116 413 4167 non
430 4093 559 4168 recte?

181 4207 231 4281 A.
258 4206 464 4281 Numerum
482 4208 630 4303 quidem
648 4218 832 4295 accurate,
853 4206 1031 4279 unitatem
1048 4221 1172 4281 antem

132 4319 313 4417 imperite.
367 4318 463 4393 Nam
480 4331 632 4417 propter
645 4320 902 4417 cognationem
915 4343 1049 4394 vocum
1066 4343 1172 4393 unum
