2946 5010
354 416 670 470 unrnnuarlcm
690 417 933 470 namneum.
1119 406 1166 472 29

123 582 426 658 rumsublimium
435 595 561 681 partes
572 608 647 657 non
658 585 745 659 satis
754 586 1002 683 percipimus),
1014 585 1168 661 infinitae
1207 609 1359 652 numum

123 697 251 772 statim
261 709 577 794 apparentrerum
592 697 844 771 sublunarium
854 699 1006 795 species
1014 723 1168 796 quarum
1208 691 1351 794 ss,

122 811 410 908 magnitudines,
452 822 588 898 motus,
632 811 868 907 actionesque
893 812 1168 885 considerandae

123 936 221 1000 sunt.
265 925 409 998 Harum
433 936 558 998 autern
584 923 822 997 scientiarum
852 925 1004 999 nomina
1031 926 1090 999 vel
1121 927 1167 1000 ab

123 1039 212 1135 ipsis
229 1038 416 1135 subjectis,
430 1037 488 1110 vel
502 1038 548 1110 ab
559 1037 805 1112 eminentibus
818 1040 1064 1135 subjectorum
1079 1062 1169 1134 qua-

122 1151 302 1239 litatibus,
315 1150 473 1224 derivari
487 1149 630 1234 sol'cnt3
658 1160 700 1222 ut
718 1174 799 1246 quae
813 1150 860 1223 de
873 1151 1008 1247 plantis
1020 1161 1168 1242 tractat,

120 1263 345 1362 pbytalogia
356 1291 370 1346 ,·
397 1264 442 1337 de
460 1263 676 1359 corporibus
693 1264 916 1355 animalium,
939 1265 1169 1349 anatomiam·

125 1376 172 1450 de
197 1377 350 1465 visione,
379 1376 528 1474 aptiae:
555 1376 601 1449 de
626 1377 919 1468 ratiocinatione,
948 1377 1096 1476 logiam
1123 1379 1169 1452 de

124 1489 287 1563 moribus
299 1489 482 1580 humanis,
500 1487 625 1561 ethica
631 1516 645 1573 ;
673 1489 890 1577 decivitate,
901 1490 1078 1589 politica,
1096 1504 1168 1566 etc.

174 1602 224 1676 B.
251 1602 291 1676 Si
304 1614 446 1676 tantam
460 1602 674 1699 speculandi
688 1605 877 1679 materiam
892 1614 1046 1702 praestet
1058 1608 1170 1680 unica

125 1715 266 1813 species
283 1716 407 1805 homo,
425 1715 572 1812 quando
589 1727 699 1811 putas
717 1718 832 1791 otium
849 1718 956 1792 nobis
974 1718 1053 1805 fore
1071 1743 1170 1792 com·

124 1829 327 1926 templaudi
351 1827 530 1902 caetcras?
581 1830 825 1905 Transeamus
839 1834 929 1929 jam,
951 1832 983 1905 si
998 1831 1168 1922 volueris,

125 1943 174 2017 ad
191 1944 312 2040 Caput
328 1944 367 2016 ii.

176 2057 227 2131 A.
251 2057 314 2129 De
346 2055 563 2154 geometria,
599 2064 638 2129 et
673 2056 913 2130 arithmetica
946 2057 1143 2154 speciatim
1154 2084 1169 2141 ;

124 2194 252 2243 earam
282 2168 523 2264 definitiones,
560 2167 716 2263 objecta,
745 2167 956 2266 principia,
991 2176 1029 2239 et
1055 2170 1170 2265 affec..

127 2283 273 2366 tionem·
296 2306 431 2379 eaeque
447 2305 533 2356 cere
549 2281 728 2355 scientiae
745 2306 838 2355 ecee.

181 2394 223 2468 B.
251 2395 471 2470 Accuratior
492 2394 588 2468 forte
608 2396 678 2468 erit
694 2395 754 2468 hic
773 2418 884 2492 quam
903 2393 943 2467 in
959 2394 1169 2491 praeceden-

127 2509 235 2582 tibus.

176 2623 226 2695 A.
253 2621 340 2694 Non
367 2632 470 2717 puto.
523 2621 743 2694 Geometriae
769 2631 806 2694 et
831 2620 1073 2695 arithmeticae
1101 2622 1168 2695 du-

127 2735 240 2833 plices
258 2735 366 2809 affert
383 2734 627 2824 definitiones,
641 2736 777 2809 alteras
795 2735 841 2807 ab
856 2735 1016 2833 objecto,
1033 2734 1168 2808 alteras

126 2871 151 2920 a
165 2846 437 2921 fine-Priori
453 2847 558 2920 maela
577 2846 752 2942 definitae
766 2848 987 2944 geometria,
1010 2848 1168 2921 seientia

127 2958 398 3060 magnitudinis
411 2968 594 3056 quatenus
611 2957 883 3032 mensurabilia.

176 3071 225 3147 B.
251 3074 338 3146 Non
364 3084 534 3146 accurate
559 3072 658 3145 hoc?
711 3072 754 3144 In
778 3071 1050 3146 definitionibus
1071 3073 1169 3145 enim

128 3186 383 3275 Aristotelicis,
398 3186 543 3282 signum
561 3208 640 3258 esse
654 3184 748 3258 solet
766 3208 917 3258 summae
935 3197 1081 3276 ἀκριβείας
1097 3211 1169 3259 vox

127 3300 190 3374 illa
202 3309 396 3397 quatenus.
450 3298 545 3370 Nam
560 3309 770 3371 accuratam
783 3297 1046 3388 definitionem,
1061 3301 1170 3394 juxta

128 3412 375 3501 Aristotelem,
392 3410 529 3485 dictam
545 3435 624 3484 esse
638 3424 785 3507 oportet
798 3435 873 3485 non
886 3411 997 3485 modo
1016 3411 1062 3484 de
1075 3411 1171 3484 omni

128 3536 168 3599 et
177 3549 254 3624 per
269 3547 321 3613 ee,
340 3522 404 3597 sed
422 3523 534 3596 etiam
551 3533 733 3620 quatenus
750 3524 882 3620 ipsum.

178 3636 227 3710 Α.
255 3636 370 3709 Recte
394 3634 433 3708 id
456 3634 604 3731 quidem
622 3635 859 3720 Aristotelem
885 3660 961 3709 non
985 3647 1108 3709 tamen
1131 3635 1169 3708 in

128 3749 231 3824 omni
252 3748 468 3822 definitione
492 3772 536 3821 ea
559 3772 649 3821 voce
666 3748 795 3821 utitur.
848 3749 1062 3843 Subjectum
1072 3746 1170 3844 ply-

127 3865 215 3938 eiea
232 3863 322 3936 dicit
339 3862 554 3935 Aristoteles
578 3885 655 3935 esse
678 3884 813 3958 carpat
831 3859 972 3949 mobile,
994 3869 1171 3955 quaterem

127 3974 272 4050 mobile.
324 3974 436 4047 Vides
449 3997 585 4070 caepae
599 3971 731 4045 mobile
747 3971 953 4066 significare
965 3972 1171 4068 subjectum

126 4088 259 4188 ipsum.
312 4088 356 4160 In
387 4111 431 4160 co
462 4097 585 4159 autem
616 4083 839 4159 considerari
863 4097 1017 4178 possunt
1043 4087 1170 4176 multa,

128 4227 209 4300 quae
223 4200 397 4299 physicus
410 4223 485 4272 non
499 4199 717 4273 considerat.
772 4197 901 4293 ltaque
915 4208 957 4270 ut
970 4221 1061 4294 opus
1078 4200 1170 4296 phy-

126 4317 191 4391 sici
221 4317 262 4390 in
294 4313 373 4387 sola
406 4313 610 4387 mobilitate
644 4309 906 4385 determinaret
943 4311 1171 4400 Aristotelea
