2946 5010
354 411 668 465 mannnunnrcm
689 410 935 464 somenam.
1116 398 1161 464 61

175 584 224 656 Α.
252 582 409 655 Faciam.
450 579 523 654 Sed
541 579 749 654 definienda
765 592 822 653 est
837 580 938 676 prius
955 580 1063 654 linea.
1099 580 1167 653 Est
1204 607 1354 647 nisenam

124 720 213 794 ergo
231 697 343 784 linea,
367 694 428 769 cia
449 719 523 792 qna
531 693 670 791 sertor
685 702 818 767 motum
828 703 1019 792 punctum.
1070 693 1166 781 lam,
1207 687 1350 790 ss

123 809 345 908 superficies
354 806 478 906 plana
491 815 550 879 oct
562 805 624 881 oia
635 804 744 879 linea>
758 805 815 879 ita
826 816 944 897 mota,
961 816 1002 880 ot
1014 804 1168 904 singula

123 925 206 1018 ejus
225 929 370 1020 puncta
396 917 567 1018 cingulac
595 917 811 992 describant
834 918 954 992 lineos
978 929 1169 993 rectos.-

124 1035 303 1111 Definitio
318 1044 448 1108 octava
460 1043 516 1106 est
530 1032 655 1128 anguli
667 1032 767 1128 plani
780 1032 859 1106 haec
872 1060 881 1105 z
892 1031 1035 1131 planos
1052 1057 1168 1131 ongo-

124 1148 186 1224 lus
202 1157 260 1222 eet
278 1147 433 1221 duorum
451 1146 645 1234 linearum,
674 1145 713 1218 in
733 1143 854 1242 plano
880 1170 921 1219 ce
943 1156 1066 1219 mutuo
1085 1155 1169 1219 tan-

121 1261 291 1362 gentium
307 1269 345 1333 et
366 1282 437 1332 non
459 1257 498 1331 in
515 1257 695 1331 directum
702 1257 917 1352 jacentium,
943 1257 1099 1332 alterins
1117 1259 1173 1333 ad

125 1374 289 1450 annam
312 1369 517 1444 inclinatio.
570 1370 691 1466 Hujus
708 1370 930 1445 definitionis
947 1372 1077 1445 vitium
1092 1373 1170 1468 pri-

124 1511 229 1563 mum
259 1496 315 1557 est
340 1482 598 1567 obscuritatis,
625 1505 757 1577 nempe
782 1483 822 1555 in
845 1507 937 1557 voce
966 1482 1168 1558 inclinatio.

125 1600 227 1675 Nam
238 1595 439 1672 secundum
450 1594 652 1683 Euclidem,
667 1596 855 1670 inclinatio
869 1621 947 1672 esse
960 1621 1036 1670 non
1048 1609 1170 1694 potest

124 1712 199 1786 nisi
212 1711 251 1784 in
268 1708 412 1806 angulis
430 1708 568 1792 acutis;
595 1708 718 1804 itaque
732 1709 888 1805 angulus
905 1720 1029 1784 rectus
1046 1711 1168 1785 nullus

125 1836 196 1901 est.
247 1822 459 1897 Secundum
481 1822 613 1895 vitium
636 1834 691 1895 est
715 1821 897 1896 falsitatis.
949 1824 1046 1896 Nam
1066 1836 1170 1897 recta

125 1949 168 2014 et
191 1959 304 2012 curva
328 1935 382 2008 ita
408 1934 585 2008 constitui
610 1947 776 2031 possunt,
802 1945 845 2008 ut
869 1959 938 2008 uec
959 1936 1109 2031 jaceant
1131 1936 1170 2010 in

125 2051 322 2139 directum,
346 2071 417 2122 nec
442 2048 670 2122 constituant
694 2047 883 2143 angulum,
908 2058 953 2120 ut
975 2048 1015 2121 in
1035 2052 1169 2146 angulo

127 2173 346 2245 contactum
373 2161 446 2235 nisi
478 2172 627 2258 putaret
659 2161 835 2257 angulum
866 2171 1058 2236 contactus
1092 2188 1171 2239 esse

125 2276 326 2373 angulum
352 2272 452 2371 quod
468 2286 593 2370 negat,
605 2287 691 2372 post
714 2274 953 2364 Pellitariam,
970 2275 1169 2354 Wallisius

127 2391 258 2487 Itaque
270 2388 354 2478 illis,
371 2411 447 2461 non
458 2388 615 2478 Euclidi,
629 2388 770 2463 falsitas
786 2389 867 2462 haec
880 2388 1094 2484 imputanda
1111 2391 1170 2465 sit.

126 2504 178 2577 Et
189 2513 382 2599 praeterea,
395 2501 481 2597 quia
495 2500 568 2575 duo
582 2502 707 2597 anguli
720 2501 811 2575 recti
825 2501 1018 2598 compositi
1030 2503 1171 2579 faciunt

126 2615 317 2711 angulum,
335 2613 510 2686 nimirum
526 2613 616 2686 recti
637 2613 800 2710 duplum,
815 2623 853 2686 et
866 2625 989 2687 tamen
1003 2615 1041 2687 in
1054 2615 1171 2690 direc-

127 2738 209 2802 tum
222 2729 372 2823 jacent;
399 2736 530 2800 contra
544 2726 641 2799 hanc
654 2725 919 2798 definitionem.
971 2726 1170 2821 Postremo,

127 2840 297 2938 angulus,
333 2863 442 2935 quem
472 2838 614 2913 faciunt
648 2837 731 2912 duae
765 2838 1083 2932 circumferentiae,
1113 2844 1172 2916 vel

128 2953 426 3030 circumferentia
440 2963 479 3026 et
491 2962 605 3042 recta,
616 2963 745 3025 mutuo
761 2974 839 3025 sese
854 2962 1059 3049 tangentes
1074 2979 1172 3029 com·

128 3067 252 3167 parari
285 3077 411 3164 posset
443 3066 566 3162 quoad
600 3065 846 3162 quantitatem
885 3089 969 3138 cum
1010 3068 1173 3163 quolibet

128 3180 265 3278 angulo
292 3179 365 3252 alio
392 3178 524 3274 plauo;
552 3178 700 3274 quippe,
723 3177 783 3251 cui
811 3179 984 3252 convenit
1005 3179 1171 3254 definitio

127 3294 209 3368 haec
226 3291 354 3388 anguli
366 3290 465 3387 plani
479 3290 704 3364 universalis.
757 3290 830 3363 Sed
843 3315 918 3363 non
931 3292 1057 3388 anguli
1070 3294 1171 3389 plani

129 3429 257 3480 omnes
283 3403 489 3499 comparari
513 3414 677 3500 possunt.
728 3404 797 3477 Est
818 3427 906 3500 ergo
927 3404 1062 3478 vitiosa
1082 3403 1171 3478 defi-

128 3520 233 3595 nitio.

177 3630 225 3704 B.
254 3628 451 3706 Quomodo
469 3627 599 3703 definis
624 3639 664 3703 tu
690 3630 866 3726 angulum
889 3631 1042 3728 planum
1063 3654 1172 3704 accu-

129 3743 272 3818 ratius?

176 3857 227 3931 A.
256 3853 458 3929 Sciendum
488 3866 545 3930 est
572 3879 703 3929 vocem
728 3855 825 3929 hanc
852 3854 1014 3954 anguino
1029 3855 1171 3954 planus

128 3969 357 4068 equivocam
374 3991 466 4042 esse.
518 3967 615 4041 Nam
634 3991 719 4041 cum
738 3967 777 4040 in
795 3968 896 4041 omni
912 3967 1047 4063 angulo
1063 3969 1171 4044 intel-

127 4082 292 4181 ligantur
321 4080 406 4154 duae
437 4090 548 4154 rectae
577 4081 647 4156 sibi
680 4091 808 4154 mutuo
839 4091 1084 4171 occurrentes
1112 4084 1172 4156 vel

128 4197 256 4272 saltem
279 4193 331 4269 ad
354 4217 549 4268 occursum
576 4193 780 4285 tendentes,
804 4192 886 4267 fieri
902 4205 1026 4291 potest
1043 4206 1086 4269 ut
1103 4194 1171 4268 du-

127 4310 212 4407 plici
237 4308 353 4386 modo
376 4307 416 4382 id
439 4308 528 4394 fiat;
554 4333 711 4406 quorum
739 4310 832 4384 alter
855 4320 911 4383 est
937 4332 1003 4406 per
1030 4321 1171 4384 motum
