2946 5010
350 440 665 492 nnununfflcu
686 439 932 492 noomnnu.
1092 426 1162 492 153

120 608 311 682 fractionis
329 608 528 704 explicasse
547 608 599 680 sic
611 635 620 678 ε
632 605 787 702 fractio
805 616 863 679 eut
886 627 1057 679 nanterus
1067 629 1166 705 por-
1205 630 1357 673 »mooun

121 722 210 795 tium
224 748 240 805 ,·
259 720 426 819 proprio
443 720 587 816 quidem
603 719 737 802 ouium
752 719 964 818 improprio
981 742 1067 791 oero
1080 718 1167 817 plu·
1205 712 1350 816 „L

122 835 217 908 rium
235 858 345 931 quom
362 834 480 906 onias.

172 949 221 1022 B.
250 949 443 1020 Aeournte.

170 1058 217 1133 A.
245 1059 389 1133 Deinde
406 1061 517 1131 verba
534 1059 626 1147 haee,
647 1059 720 1132 sed
740 1070 777 1132 et
806 1056 890 1131 tine
917 1057 1030 1131 etium
1057 1068 1168 1155 potet

122 1173 305 1246 rationum
344 1182 382 1245 et
407 1171 644 1268 fractionum
677 1172 858 1245 identitas
892 1172 971 1244 uiae
1005 1172 1169 1266 affinitas

123 1285 298 1372 maximo,
326 1284 471 1358 illorum
490 1297 576 1356 sunt
594 1284 657 1379 qui
675 1285 763 1380 quid
781 1296 953 1358 accurate
972 1284 1168 1357 dicendum

124 1400 171 1472 sit
188 1398 373 1494 ignorant.
424 1397 505 1468 Vox
537 1397 635 1468 enim
656 1397 720 1470 illa
744 1398 910 1492 affinitas
937 1397 1167 1470 mathemati-

124 1536 251 1585 corum
269 1535 345 1584 non
364 1522 430 1584 est.
484 1511 523 1583 Si
540 1511 636 1583 ratio
662 1522 700 1583 et
729 1510 860 1584 fractio
885 1509 1014 1583 eadem
1031 1534 1090 1583 res
1107 1511 1168 1611 sit,

123 1625 214 1720 quid
231 1649 324 1720 opus
338 1638 393 1697 est
411 1626 511 1721 loqui
530 1623 575 1697 de
593 1623 800 1698 affinitate?
844 1626 883 1698 Si
898 1625 1064 1710 diversae,
1077 1648 1170 1720 quo·

123 1738 234 1811 modo
253 1736 406 1811 affines?

175 1852 224 1924 B.
253 1851 350 1926 Quia
378 1850 509 1923 fractio
537 1851 718 1924 rationem
743 1850 884 1922 indicat
909 1848 1096 1922 dividendi
1121 1849 1167 1923 ad

124 1963 333 2037 divisorem.

175 2078 225 2149 Α.
254 2077 499 2172 Horologium
517 2074 657 2150 indicat
672 2077 814 2149 horam.
855 2076 980 2150 Quare
991 2100 1079 2173 ergo
1093 2099 1169 2149 non

125 2200 183 2262 est
216 2189 400 2284 horologii
428 2200 466 2261 et
499 2189 600 2262 horae
631 2189 689 2261 vel
720 2188 907 2278 identitas,
946 2188 1004 2261 vel
1038 2189 1169 2261 saltem

123 2302 283 2375 maxima
298 2301 483 2375 affinitas?
535 2301 622 2374 Non
648 2303 701 2375 ita
724 2302 937 2375 ratiocinari
954 2302 1074 2375 solent
1091 2325 1169 2374 ma-

123 2415 325 2488 thematici.
377 2415 490 2488 Porro
507 2414 599 2503 haec,
611 2415 752 2512 quippe
768 2412 824 2487 nil
837 2414 944 2487 aliud
958 2425 1042 2487 root
1056 2415 1171 2511 froc-

125 2528 243 2601 tioneo
260 2553 371 2626 quom
388 2528 574 2600 rationum
589 2528 894 2617 denominamus,
906 2540 1079 2602 accurata
1095 2552 1170 2602 non

125 2655 222 2714 sunt.
276 2642 372 2714 Nam
399 2641 530 2714 fractio
561 2642 773 2714 denominat
798 2667 992 2715 numerum
1027 2654 1171 2716 eertum

125 2766 310 2831 certarum
327 2754 500 2850 partium,
519 2766 560 2826 ut
578 2757 609 2839 Ξ,
628 2754 667 2827 id
681 2769 746 2842 est,
764 2766 839 2828 tres
856 2767 979 2852 partes
998 2767 1169 2852 quartas;

126 2867 189 2962 qui
206 2891 380 2940 numerus
406 2879 461 2940 est
485 2869 692 2940 absolutus:
720 2868 814 2940 ratio
842 2882 966 2941 autem
984 2869 1170 2963 quantitas

125 2992 181 3052 est
214 3004 290 3052 non
325 2980 505 3068 absoluta,
538 2981 603 3052 sed
638 2982 897 3076 comparativa.
960 2982 1046 3054 Nou
1081 3004 1169 3078 ergo

126 3093 339 3166 denominat
355 3094 488 3165 fractio
507 3095 698 3177 rationem,
721 3093 786 3165 sed
803 3094 965 3167 ostendit
983 3096 1170 3188 quantita-

125 3217 200 3279 tem
217 3207 360 3278 numeri
378 3205 549 3295 absoluti,
567 3219 610 3278 nt
628 3217 663 3291 3,
681 3207 883 3302 comparati
909 3231 994 3279 cum
1015 3230 1168 3280 numero

125 3319 304 3407 absoluto,
325 3330 368 3391 ut
386 3329 420 3390 4.

176 3432 225 3504 Β.
254 3433 340 3505 Non
370 3431 477 3504 video
512 3432 696 3527 quomodo
731 3433 810 3506 haec
840 3433 969 3527 negari
1001 3441 1168 3529 possunt.

126 3544 255 3640 Neque
274 3545 469 3640 quiequam
488 3544 590 3617 illum
611 3546 718 3639 juvat
736 3545 835 3640 quod
855 3545 1027 3641 deinceps
1044 3544 1167 3633 habet,

125 3658 311 3746 nimirum,
337 3657 438 3755 quod
455 3658 587 3728 Aureo
614 3657 765 3753 Regulo
792 3658 976 3731 rationum
1001 3657 1168 3730 rationes

124 3781 345 3868 comparo&
374 3782 411 3842 et
428 3770 528 3868 qaod
542 3794 636 3870 opus
654 3770 705 3842 oit
722 3770 948 3844 arithmetici
964 3796 1036 3843 oon
1052 3770 1171 3842 minas

124 3886 321 3971 rationum,
339 3908 444 3980 quum
463 3907 688 3955 numerorum
707 3882 872 3955 rationes
889 3881 1142 3980 contemplari.

177 3998 226 4071 A.
255 3998 376 4091 Caput
392 3997 468 4068 xlii.
495 4010 551 4069 est
574 3996 621 4069 de
648 3996 836 4068 additione
864 4008 901 4068 et
927 3995 1169 4068 subductione

122 4109 359 4183 fractionum.
413 4108 523 4182 Quod
545 4108 590 4181 de
618 4108 806 4181 additione
824 4107 913 4179 dicit
932 4131 1057 4179 earum
1073 4107 1170 4181 frae-

123 4224 280 4310 tionnm‚
299 4247 453 4318 quarum
471 4221 568 4294 idem
587 4222 842 4295 denominator
860 4235 927 4309 est,
946 4245 1073 4293 verum
1091 4233 1168 4294 est:

123 4349 164 4411 et
183 4335 331 4433 quidem
350 4336 642 4409 demonstratum
657 4347 764 4425 esset,
780 4335 849 4408 nisi
864 4335 1024 4408 medium
1036 4336 1168 4432 ipsum,
