2946 5010
192 463 194 467 ,
268 403 342 470 266
593 419 647 471 nu
666 417 838 472 narona
856 417 993 470 Annis.

268 589 362 662 solet
379 588 598 684 phantasma
614 588 718 661 lucis.
746 585 821 660 Sed
837 597 1007 660 naturam
1025 596 1064 658 et
1076 608 1224 668 causam
1237 597 1317 659 tam

267 702 365 798 ignis
387 725 497 797 quam
521 701 626 789 lucis,
644 702 682 773 in
706 700 800 773 libro
819 720 873 772 nu
893 721 1085 773 coaroaa
1103 723 1184 796 cap.
1201 700 1315 788 xxvii,

267 814 357 888 satis
374 813 571 909 explicavit
590 813 770 886 Hobbius.
823 811 1008 886 Quoniam
1026 835 1114 908 ergo
1135 812 1231 909 ignis
1248 837 1316 886 na-

268 939 354 1001 tura
369 952 392 999 a
409 940 513 1000 motu
531 926 597 999 tali
616 926 813 1023 dependet,
827 938 871 999 ut
883 927 937 998 vis
951 925 1197 1022 percussionis
1216 925 1316 998 oculi

268 1040 405 1114 exoriri
421 1040 535 1113 faciat
551 1041 771 1137 phantasma
786 1040 900 1118 lucis:
928 1063 1138 1136 quanquam
1152 1039 1206 1111 vis
1216 1039 1316 1112 illius

269 1167 391 1229 motus
416 1155 454 1228 in
482 1155 696 1251 recipiente,
715 1166 758 1227 ut
777 1152 981 1251 loquimini,
1000 1162 1177 1226 evacuato
1208 1151 1316 1224 dimi-

268 1279 360 1341 nuta
377 1268 436 1357 sit,
454 1292 628 1364 oppressa
649 1268 695 1340 ab
723 1267 817 1340 aeris
845 1266 945 1339 intus
975 1266 1149 1338 commoti
1178 1264 1317 1338 consis-

268 1381 397 1471 tentia,
412 1406 488 1455 nou
509 1394 633 1455 tamen
652 1381 902 1477 extinguitur;
929 1391 968 1452 et
984 1389 1179 1475 propterea
1195 1378 1317 1451 levata

269 1495 517 1589 oppressione,
546 1495 635 1568 satis
666 1493 816 1566 habebit
844 1492 977 1564 virium
1006 1492 1054 1564 ad
1081 1490 1316 1564 excitandam

268 1607 501 1704 phantasiam
535 1607 639 1694 lucis,
674 1630 885 1703 quanquam
919 1604 1145 1678 debiliorem.
1210 1605 1316 1678 Idem

268 1720 501 1794 sentiendum
532 1733 590 1794 est
617 1720 663 1793 de
692 1721 769 1792 vita
798 1718 1022 1807 animalium,
1049 1743 1131 1814 quae
1156 1717 1194 1790 iu
1221 1719 1316 1791 reci-

267 1833 393 1930 piente
426 1833 483 1907 rel
517 1833 644 1906 fodina
672 1831 846 1905 videntur
869 1831 1018 1927 quidem
1047 1854 1126 1904 esse
1156 1845 1315 1921 mortua,

268 1957 390 2021 motus
408 1959 531 2024 tamen
549 1948 715 2019 internus
728 1947 889 2042 partium
901 1945 1118 2033 calorificus,
1130 1945 1215 2017 vitae
1228 1969 1316 2041 pro-

268 2060 383 2157 priuS,
401 2059 566 2133 nondum
584 2059 827 2154 extinguitur,
845 2068 882 2130 et
900 2057 1056 2153 proinde
1074 2058 1188 2129 vitam
1201 2057 1313 2152 paulo

268 2184 354 2269 post
371 2173 564 2269 recipiunt.

320 2287 369 2359 B.
399 2287 557 2362 Quando
573 2298 696 2360 autem
711 2296 779 2374 est,
794 2284 893 2381 quod
905 2284 951 2358 de
967 2284 1118 2358 homine
1131 2308 1216 2356 vere
1228 2308 1316 2380 pro-

268 2400 442 2473 nuntiare
471 2422 665 2496 possumus
693 2399 792 2495 quod
822 2412 878 2471 est
900 2409 1078 2487 mortuus,
1103 2399 1191 2487 sive,
1216 2400 1318 2495 quod

269 2511 367 2584 idem
387 2523 453 2601 est,
472 2512 631 2584 animam
650 2512 855 2609 expiravit?
908 2513 1109 2607 Cognitum
1134 2513 1230 2586 enim
1259 2527 1318 2588 est

268 2625 434 2697 homines
459 2624 655 2698 nonnullos
685 2650 752 2721 pro
780 2625 935 2698 mortuis
961 2625 1117 2715 habitoS,
1138 2627 1317 2721 postridie

269 2737 396 2825 elatae,
413 2738 598 2810 revixisse.

321 2848 370 2920 Α.
398 2850 453 2922 De
483 2863 623 2945 puncto
646 2851 834 2946 temporis,
858 2875 930 2946 quo
961 2851 1083 2923 anima
1113 2876 1135 2923 a
1161 2876 1316 2947 corpore

269 2974 471 3057 separatur,
490 2962 637 3034 difficile
669 2974 724 3035 est
755 2977 928 3037 statuere.
981 2965 1096 3059 Perge
1124 2965 1238 3060 igitur
1267 2967 1318 3038 ad

270 3076 522 3171 experimenta
538 3076 622 3148 alia.

320 3188 369 3262 B.
398 3190 437 3261 Si
457 3189 673 3261 demittatur
687 3188 725 3259 in
743 3188 923 3282 recipiens
941 3189 1063 3261 vesica
1079 3189 1318 3264 mediocriter

269 3302 408 3390 inflata,
439 3302 502 3374 illa
527 3326 594 3394 per
623 3301 952 3397 reciprocationem
972 3304 1129 3375 suctoris
1159 3303 1316 3398 amplius

270 3415 503 3503 distenditur,
522 3428 560 3487 et
578 3415 739 3501 tandem,
758 3414 789 3485 si
813 3437 925 3509 opera
941 3428 1128 3510 urgeatur,
1158 3416 1316 3490 disrum-

268 3541 387 3623 petur.
442 3530 566 3603 Quare
583 3527 734 3600 autem?

319 3641 368 3713 A.
397 3641 494 3714 Quia
514 3640 675 3712 cuticula
690 3641 808 3713 omnis
827 3664 872 3712 ex
889 3641 1035 3714 filiculis
1059 3654 1218 3732 constat,
1230 3668 1315 3740 quae

269 3757 432 3848 praeter*
451 3755 598 3848 figurae,
619 3767 834 3827 contactum
853 3779 918 3849 per
946 3756 1069 3827 omnia
1090 3769 1229 3851 puncta
1251 3782 1313 3831 ac-

270 3879 438 3940 curatum
473 3867 608 3940 habere
642 3893 716 3940 non
747 3880 912 3965 possunt.
977 3869 1104 3940 Pervia
1134 3894 1222 3964 ergo
1257 3882 1317 3943 est

270 3980 402 4066 vesica,
422 4005 506 4052 cum
525 3982 570 4054 sit
589 3982 759 4070 cuticula,
779 4005 847 4052 nec
865 3981 940 4053 aeri
958 3993 1116 4068 tantum,
1129 3983 1318 4056 sedetiam

271 4115 386 4184 aquae,
401 4094 517 4187 qualis
530 4108 586 4166 est
605 4094 728 4166 sudor.
781 4092 921 4165 Eadem
939 4118 1027 4189 ergo
1046 4095 1151 4182 narie,
1166 4096 1319 4190 pervim

411 4351 426 4380 ⁴¹
451 4350 498 4409 Sic
513 4351 591 4409 Edit.
612 4354 696 4409 1668.
739 4351 842 4422 Quaere
864 4359 881 4385 “
891 4363 1014 4431 propter
1028 4356 1163 4431 figu1a5.'’
