<?xml version="1.0" encoding="UTF-8"?>
<!DOCTYPE html PUBLIC "-//W3C//DTD XHTML 1.0 Transitional//EN"
    "http://www.w3.org/TR/xhtml1/DTD/xhtml1-transitional.dtd">
<html xmlns="http://www.w3.org/1999/xhtml" xml:lang="en" lang="en">
 <head>
  <title>
</title>
<meta http-equiv="Content-Type" content="text/html;charset=utf-8" />
  <meta name='ocr-system' content='tesseract 3.04.00' />
  <meta name='ocr-capabilities' content='ocr_page ocr_carea ocr_par ocr_line ocrx_word'/>
</head>
<body>
  <div class='ocr_page' id='page_1' title='image "./thomhobbesmalme01hobbgoog_0377.png"; bbox 0 0 2946 5010; ppageno 0'>
   <div class='ocr_carea' id='block_1_1' title="bbox 288 395 1096 465">
    <p class='ocr_par' dir='ltr' id='par_1_1' title="bbox 288 395 1096 465">
     <span class='ocr_line' id='line_1_1' title="bbox 288 395 1096 465; baseline 0.004 -3"><span class='ocrx_word' id='word_1_1' title='bbox 288 395 362 463; x_wconf 81' lang='grc'>368</span> <span class='ocrx_word' id='word_1_2' title='bbox 513 411 568 463; x_wconf 82' lang='lat' dir='ltr'>nn</span> <span class='ocrx_word' id='word_1_3' title='bbox 586 411 890 464; x_wconf 73' lang='lat' dir='ltr'>uaesrrunrsn</span> <span class='ocrx_word' id='word_1_4' title='bbox 911 413 1096 465; x_wconf 72' lang='lat' dir='ltr'>crucum.</span> 
     </span>
    </p>
   </div>
   <div class='ocr_carea' id='block_1_2' title="bbox 96 576 1331 789">
    <p class='ocr_par' dir='ltr' id='par_1_2' title="bbox 96 576 1331 789">
     <span class='ocr_line' id='line_1_2' title="bbox 96 576 1331 678; baseline 0.004 -29"><span class='ocrx_word' id='word_1_5' title='bbox 96 600 181 642; x_wconf 76' lang='lat' dir='ltr'>mr.</span> <span class='ocrx_word' id='word_1_6' title='bbox 194 603 247 645; x_wconf 85' lang='lat' dir='ltr'>vu.</span> <span class='ocrx_word' id='word_1_7' title='bbox 339 576 478 651; x_wconf 76' lang='lat' dir='ltr'>coroa.</span> <span class='ocrx_word' id='word_1_8' title='bbox 529 578 629 654; x_wconf 76' lang='lat' dir='ltr'>Quia</span> <span class='ocrx_word' id='word_1_9' title='bbox 650 601 740 674; x_wconf 84' lang='lat' dir='ltr'>ergo</span> <span class='ocrx_word' id='word_1_10' title='bbox 767 593 870 653; x_wconf 85' lang='lat' dir='ltr'>recta</span> <span class='ocrx_word' id='word_1_11' title='bbox 886 579 953 678; x_wconf 85' lang='lat' dir='ltr'>gd</span> <span class='ocrx_word' id='word_1_12' title='bbox 974 594 1013 652; x_wconf 88' lang='lat' dir='ltr'>et</span> <span class='ocrx_word' id='word_1_13' title='bbox 1037 601 1146 653; x_wconf 89' lang='lat' dir='ltr'>arcus</span> <span class='ocrx_word' id='word_1_14' title='bbox 1164 578 1225 652; x_wconf 91' lang='lat' dir='ltr'>BP</span> <span class='ocrx_word' id='word_1_15' title='bbox 1242 590 1331 654; x_wconf 89' lang='lat' dir='ltr'>sunt</span> 
     </span>
     <span class='ocr_line' id='line_1_3' title="bbox 101 671 1328 789; baseline 0.002 -26"><span class='ocrx_word' id='word_1_16' title='bbox 101 671 244 708; x_wconf 33' lang='grc' dir='ltr'>ψ</span> <span class='ocrx_word' id='word_1_17' title='bbox 285 691 456 788; x_wconf 69' lang='lat' dir='ltr'>aquales,</span> <span class='ocrx_word' id='word_1_18' title='bbox 469 703 578 764; x_wconf 87' lang='lat' dir='ltr'>emnt</span> <span class='ocrx_word' id='word_1_19' title='bbox 585 690 660 789; x_wconf 79' lang='lat' dir='ltr'>gd,</span> <span class='ocrx_word' id='word_1_20' title='bbox 673 692 826 779; x_wconf 80' lang='lat' dir='ltr'>QP,R0</span> <span class='ocrx_word' id='word_1_21' title='bbox 837 695 1012 767; x_wconf 90' lang='lat' dir='ltr'>continue</span> <span class='ocrx_word' id='word_1_22' title='bbox 1022 692 1328 789; x_wconf 87' lang='lat' dir='ltr'>proportionales.</span> 
     </span>
    </p>
   </div>
   <div class='ocr_carea' id='block_1_3' title="bbox 624 913 987 966">
    <p class='ocr_par' dir='ltr' id='par_1_3' title="bbox 624 913 987 966">
     <span class='ocr_line' id='line_1_4' title="bbox 624 913 987 966; baseline 0 -2"><span class='ocrx_word' id='word_1_23' title='bbox 624 913 874 966; x_wconf 67' lang='lat' dir='ltr'>Pnopostrto</span> <span class='ocrx_word' id='word_1_24' title='bbox 893 915 987 966; x_wconf 84' lang='lat' dir='ltr'>vlu.</span> 
     </span>
    </p>
   </div>
   <div class='ocr_carea' id='block_1_4' title="bbox 284 1027 1330 1575">
    <p class='ocr_par' dir='ltr' id='par_1_4' title="bbox 284 1027 1330 1575">
     <span class='ocr_line' id='line_1_5' title="bbox 336 1027 1330 1119; baseline 0.001 -16"><span class='ocrx_word' id='word_1_25' title='bbox 336 1029 389 1103; x_wconf 93' lang='lat' dir='ltr'>Ut</span> <span class='ocrx_word' id='word_1_26' title='bbox 416 1027 541 1102; x_wconf 88' lang='lat' dir='ltr'>radius</span> <span class='ocrx_word' id='word_1_27' title='bbox 569 1028 632 1102; x_wconf 81' lang='lat' dir='ltr'>Bc</span> <span class='ocrx_word' id='word_1_28' title='bbox 658 1029 707 1102; x_wconf 88' lang='lat' dir='ltr'>ad</span> <span class='ocrx_word' id='word_1_29' title='bbox 733 1031 921 1103; x_wconf 82' lang='lat' dir='ltr'>semissem</span> <span class='ocrx_word' id='word_1_30' title='bbox 948 1054 1055 1104; x_wconf 88' lang='lat' dir='ltr'>arens</span> <span class='ocrx_word' id='word_1_31' title='bbox 1080 1029 1158 1119; x_wconf 91' lang='lat' dir='ltr'>BD,</span> <span class='ocrx_word' id='word_1_32' title='bbox 1192 1031 1245 1103; x_wconf 90' lang='lat' dir='ltr'>ita</span> <span class='ocrx_word' id='word_1_33' title='bbox 1271 1045 1330 1105; x_wconf 89' lang='lat' dir='ltr'>est</span> 
     </span>
     <span class='ocr_line' id='line_1_6' title="bbox 285 1140 1328 1233; baseline 0.001 -17"><span class='ocrx_word' id='word_1_34' title='bbox 285 1143 347 1216; x_wconf 87' lang='lat' dir='ltr'>DS</span> <span class='ocrx_word' id='word_1_35' title='bbox 369 1141 428 1214; x_wconf 92' lang='lat' dir='ltr'>vel</span> <span class='ocrx_word' id='word_1_36' title='bbox 454 1140 521 1213; x_wconf 80' lang='lat' dir='ltr'>tto</span> <span class='ocrx_word' id='word_1_37' title='bbox 549 1140 597 1215; x_wconf 85' lang='lat' dir='ltr'>ad</span> <span class='ocrx_word' id='word_1_38' title='bbox 624 1143 858 1216; x_wconf 87' lang='lat' dir='ltr'>semiradium</span> <span class='ocrx_word' id='word_1_39' title='bbox 883 1142 947 1216; x_wconf 90' lang='lat' dir='ltr'>Gl.</span> <span class='ocrx_word' id='word_1_40' title='bbox 999 1143 1092 1216; x_wconf 89' lang='lat' dir='ltr'>Cum</span> <span class='ocrx_word' id='word_1_41' title='bbox 1120 1144 1219 1216; x_wconf 92' lang='lat' dir='ltr'>enim</span> <span class='ocrx_word' id='word_1_42' title='bbox 1246 1144 1328 1233; x_wconf 73' lang='grc' dir='ltr'>ΚΟ,</span> 
     </span>
     <span class='ocr_line' id='line_1_7' title="bbox 285 1252 1328 1353; baseline 0.001 -26"><span class='ocrx_word' id='word_1_43' title='bbox 285 1252 364 1343; x_wconf 89' lang='grc' dir='ltr'>ΑΒ,</span> <span class='ocrx_word' id='word_1_44' title='bbox 383 1253 456 1326; x_wconf 89' lang='grc' dir='ltr'>ΒΜ</span> <span class='ocrx_word' id='word_1_45' title='bbox 483 1254 576 1345; x_wconf 86' lang='lat' dir='ltr'>(sive</span> <span class='ocrx_word' id='word_1_46' title='bbox 597 1278 705 1327; x_wconf 85' lang='lat' dir='ltr'>arcus</span> <span class='ocrx_word' id='word_1_47' title='bbox 728 1256 825 1349; x_wconf 81' lang='lat' dir='ltr'><strong>BD),</strong></span> <span class='ocrx_word' id='word_1_48' title='bbox 853 1268 939 1329; x_wconf 92' lang='lat' dir='ltr'>sunt</span> <span class='ocrx_word' id='word_1_49' title='bbox 969 1258 1143 1329; x_wconf 85' lang='lat' dir='ltr'>continue</span> <span class='ocrx_word' id='word_1_50' title='bbox 1172 1281 1328 1353; x_wconf 88' lang='lat' dir='ltr'>propor-</span> 
     </span>
     <span class='ocr_line' id='line_1_8' title="bbox 284 1367 1328 1461; baseline 0.003 -21"><span class='ocrx_word' id='word_1_51' title='bbox 284 1367 453 1455; x_wconf 88' lang='lat' dir='ltr'>tionales,</span> <span class='ocrx_word' id='word_1_52' title='bbox 474 1368 546 1441; x_wconf 90' lang='lat' dir='ltr'>erit</span> <span class='ocrx_word' id='word_1_53' title='bbox 573 1380 617 1440; x_wconf 89' lang='lat' dir='ltr'>ut</span> <span class='ocrx_word' id='word_1_54' title='bbox 643 1369 710 1442; x_wconf 85' lang='lat' dir='ltr'>AB</span> <span class='ocrx_word' id='word_1_55' title='bbox 734 1368 782 1442; x_wconf 87' lang='lat' dir='ltr'>ad</span> <span class='ocrx_word' id='word_1_56' title='bbox 809 1371 997 1442; x_wconf 81' lang='lat' dir='ltr'>semissem</span> <span class='ocrx_word' id='word_1_57' title='bbox 1014 1370 1087 1442; x_wconf 89' lang='grc' dir='ltr'>ΒΜ</span> <span class='ocrx_word' id='word_1_58' title='bbox 1112 1370 1167 1461; x_wconf 90' lang='lat' dir='ltr'>(id</span> <span class='ocrx_word' id='word_1_59' title='bbox 1192 1382 1259 1458; x_wconf 89' lang='lat' dir='ltr'>est,</span> <span class='ocrx_word' id='word_1_60' title='bbox 1277 1371 1328 1443; x_wconf 87' lang='lat' dir='ltr'>ad</span> 
     </span>
     <span class='ocr_line' id='line_1_9' title="bbox 284 1481 1248 1575; baseline 0.002 -21"><span class='ocrx_word' id='word_1_61' title='bbox 284 1503 411 1554; x_wconf 87' lang='lat' dir='ltr'>arcum</span> <span class='ocrx_word' id='word_1_62' title='bbox 429 1481 521 1575; x_wconf 86' lang='lat' dir='ltr'>BP),</span> <span class='ocrx_word' id='word_1_63' title='bbox 538 1481 592 1554; x_wconf 86' lang='lat' dir='ltr'>ita</span> <span class='ocrx_word' id='word_1_64' title='bbox 609 1481 677 1554; x_wconf 81' lang='lat' dir='ltr'>Ro</span> <span class='ocrx_word' id='word_1_65' title='bbox 694 1482 742 1555; x_wconf 87' lang='lat' dir='ltr'>ad</span> <span class='ocrx_word' id='word_1_66' title='bbox 759 1481 810 1556; x_wconf 92' lang='lat' dir='ltr'>Gl</span> <span class='ocrx_word' id='word_1_67' title='bbox 828 1483 1015 1555; x_wconf 86' lang='lat' dir='ltr'>semissem</span> <span class='ocrx_word' id='word_1_68' title='bbox 1032 1482 1157 1555; x_wconf 85' lang='lat' dir='ltr'>lateris</span> <span class='ocrx_word' id='word_1_69' title='bbox 1174 1483 1248 1556; x_wconf 89' lang='lat' dir='ltr'>BC.</span> 
     </span>
    </p>
   </div>
   <div class='ocr_carea' id='block_1_5' title="bbox 644 1704 976 1756">
    <p class='ocr_par' dir='ltr' id='par_1_5' title="bbox 644 1704 976 1756">
     <span class='ocr_line' id='line_1_10' title="bbox 644 1704 976 1756; baseline 0.006 -2"><span class='ocrx_word' id='word_1_70' title='bbox 644 1704 896 1756; x_wconf 68' lang='lat' dir='ltr'>Pnonost&#39;rto</span> <span class='ocrx_word' id='word_1_71' title='bbox 917 1704 976 1756; x_wconf 71' lang='lat' dir='ltr'>lx.</span> 
     </span>
    </p>
   </div>
   <div class='ocr_carea' id='block_1_6' title="bbox 282 1820 1329 3607">
    <p class='ocr_par' dir='ltr' id='par_1_6' title="bbox 284 1820 1327 2008">
     <span class='ocr_line' id='line_1_11' title="bbox 334 1820 1327 1917; baseline 0 -24"><span class='ocrx_word' id='word_1_72' title='bbox 334 1820 452 1893; x_wconf 84' lang='lat' dir='ltr'>Recta</span> <span class='ocrx_word' id='word_1_73' title='bbox 468 1821 538 1893; x_wconf 84' lang='grc' dir='ltr'>ΑΕ</span> <span class='ocrx_word' id='word_1_74' title='bbox 552 1821 703 1916; x_wconf 71' lang='lat' dir='ltr'>aequalis</span> <span class='ocrx_word' id='word_1_75' title='bbox 720 1834 776 1894; x_wconf 88' lang='lat' dir='ltr'>est</span> <span class='ocrx_word' id='word_1_76' title='bbox 799 1823 901 1895; x_wconf 89' lang='lat' dir='ltr'>arcui</span> <span class='ocrx_word' id='word_1_77' title='bbox 920 1821 1134 1917; x_wconf 86' lang='lat' dir='ltr'>quadrantis</span> <span class='ocrx_word' id='word_1_78' title='bbox 1151 1821 1327 1917; x_wconf 84' lang='lat' dir='ltr'>descripti</span> 
     </span>
     <span class='ocr_line' id='line_1_12' title="bbox 284 1933 635 2008; baseline 0 -2"><span class='ocrx_word' id='word_1_79' title='bbox 284 1933 388 2006; x_wconf 86' lang='lat' dir='ltr'>radio</span> <span class='ocrx_word' id='word_1_80' title='bbox 405 1934 458 2006; x_wconf 80' lang='lat' dir='ltr'>Al</span> <span class='ocrx_word' id='word_1_81' title='bbox 475 1933 534 2006; x_wconf 88' lang='lat' dir='ltr'>vel</span> <span class='ocrx_word' id='word_1_82' title='bbox 552 1933 635 2008; x_wconf 69' lang='grc' dir='ltr'>ΑΩ.</span> 
     </span>
    </p>

    <p class='ocr_par' dir='ltr' id='par_1_7' title="bbox 282 2045 1329 3607">
     <span class='ocr_line' id='line_1_13' title="bbox 334 2045 1326 2143; baseline 0 -24"><span class='ocrx_word' id='word_1_83' title='bbox 334 2046 428 2119; x_wconf 86' lang='lat' dir='ltr'>Cum</span> <span class='ocrx_word' id='word_1_84' title='bbox 445 2046 544 2119; x_wconf 86' lang='lat' dir='ltr'>enirn</span> <span class='ocrx_word' id='word_1_85' title='bbox 562 2070 670 2119; x_wconf 88' lang='lat' dir='ltr'>arcus</span> <span class='ocrx_word' id='word_1_86' title='bbox 696 2046 911 2143; x_wconf 86' lang='lat' dir='ltr'>quadrantis</span> <span class='ocrx_word' id='word_1_87' title='bbox 939 2046 1114 2142; x_wconf 86' lang='lat' dir='ltr'>descripti</span> <span class='ocrx_word' id='word_1_88' title='bbox 1139 2045 1243 2118; x_wconf 90' lang='lat' dir='ltr'>radio</span> <span class='ocrx_word' id='word_1_89' title='bbox 1262 2045 1326 2119; x_wconf 90' lang='lat' dir='ltr'>DS</span> 
     </span>
     <span class='ocr_line' id='line_1_14' title="bbox 283 2158 1325 2256; baseline -0.001 -23"><span class='ocrx_word' id='word_1_90' title='bbox 283 2160 341 2233; x_wconf 88' lang='lat' dir='ltr'>vel</span> <span class='ocrx_word' id='word_1_91' title='bbox 356 2160 422 2233; x_wconf 73' lang='grc' dir='ltr'>ΒΟ</span> <span class='ocrx_word' id='word_1_92' title='bbox 437 2160 586 2256; x_wconf 89' lang='lat' dir='ltr'>aequalis</span> <span class='ocrx_word' id='word_1_93' title='bbox 604 2160 653 2232; x_wconf 92' lang='lat' dir='ltr'>sit</span> <span class='ocrx_word' id='word_1_94' title='bbox 669 2159 776 2232; x_wconf 86' lang='lat' dir='ltr'>lateri</span> <span class='ocrx_word' id='word_1_95' title='bbox 788 2160 867 2248; x_wconf 88' lang='lat' dir='ltr'>AB,</span> <span class='ocrx_word' id='word_1_96' title='bbox 878 2173 918 2232; x_wconf 91' lang='grc' dir='ltr'>θῖ</span> <span class='ocrx_word' id='word_1_97' title='bbox 932 2160 996 2233; x_wconf 81' lang='lat' dir='ltr'>Ru</span> <span class='ocrx_word' id='word_1_98' title='bbox 1013 2160 1062 2233; x_wconf 89' lang='lat' dir='ltr'>sit</span> <span class='ocrx_word' id='word_1_99' title='bbox 1079 2158 1231 2231; x_wconf 91' lang='lat' dir='ltr'>dimidia</span> <span class='ocrx_word' id='word_1_100' title='bbox 1245 2160 1325 2248; x_wconf 83' lang='lat' dir='ltr'>R0,</span> 
     </span>
     <span class='ocr_line' id='line_1_15' title="bbox 282 2272 1327 2370; baseline -0.001 -24"><span class='ocrx_word' id='word_1_101' title='bbox 282 2297 391 2347; x_wconf 89' lang='lat' dir='ltr'>arcus</span> <span class='ocrx_word' id='word_1_102' title='bbox 420 2273 635 2370; x_wconf 84' lang='lat' dir='ltr'>quadrantis</span> <span class='ocrx_word' id='word_1_103' title='bbox 665 2273 838 2368; x_wconf 83' lang='lat' dir='ltr'>descripti</span> <span class='ocrx_word' id='word_1_104' title='bbox 869 2274 916 2345; x_wconf 93' lang='lat' dir='ltr'>ab</span> <span class='ocrx_word' id='word_1_105' title='bbox 941 2274 1004 2346; x_wconf 81' lang='lat' dir='ltr'>Ru</span> <span class='ocrx_word' id='word_1_106' title='bbox 1019 2273 1077 2346; x_wconf 90' lang='lat' dir='ltr'>vel</span> <span class='ocrx_word' id='word_1_107' title='bbox 1105 2273 1150 2344; x_wconf 93' lang='lat' dir='ltr'>ab</span> <span class='ocrx_word' id='word_1_108' title='bbox 1173 2272 1236 2344; x_wconf 85' lang='lat' dir='ltr'>n0</span> <span class='ocrx_word' id='word_1_109' title='bbox 1255 2274 1327 2345; x_wconf 87' lang='lat' dir='ltr'>erit</span> 
     </span>
     <span class='ocr_line' id='line_1_16' title="bbox 283 2385 1327 2483; baseline 0 -25"><span class='ocrx_word' id='word_1_110' title='bbox 283 2387 433 2483; x_wconf 87' lang='lat' dir='ltr'>aequalis</span> <span class='ocrx_word' id='word_1_111' title='bbox 456 2385 652 2460; x_wconf 89' lang='lat' dir='ltr'>semiradio</span> <span class='ocrx_word' id='word_1_112' title='bbox 684 2386 762 2458; x_wconf 88' lang='lat' dir='ltr'>BE.</span> <span class='ocrx_word' id='word_1_113' title='bbox 815 2386 940 2461; x_wconf 77' lang='lat' dir='ltr'>Quare</span> <span class='ocrx_word' id='word_1_114' title='bbox 970 2410 1076 2459; x_wconf 90' lang='lat' dir='ltr'>arcus</span> <span class='ocrx_word' id='word_1_115' title='bbox 1112 2386 1327 2481; x_wconf 90' lang='lat' dir='ltr'>quadrantis</span> 
     </span>
     <span class='ocr_line' id='line_1_17' title="bbox 283 2498 1327 2596; baseline -0.003 -24"><span class='ocrx_word' id='word_1_116' title='bbox 283 2500 488 2594; x_wconf 89' lang='lat' dir='ltr'>descriptus</span> <span class='ocrx_word' id='word_1_117' title='bbox 515 2524 538 2571; x_wconf 89' lang='lat' dir='ltr'>a</span> <span class='ocrx_word' id='word_1_118' title='bbox 568 2498 743 2572; x_wconf 89' lang='lat' dir='ltr'>subtensa</span> <span class='ocrx_word' id='word_1_119' title='bbox 773 2499 833 2570; x_wconf 81' lang='lat' dir='ltr'>Aa</span> <span class='ocrx_word' id='word_1_120' title='bbox 867 2500 1015 2596; x_wconf 87' lang='lat' dir='ltr'>aequalis</span> <span class='ocrx_word' id='word_1_121' title='bbox 1042 2499 1112 2572; x_wconf 86' lang='lat' dir='ltr'>erit</span> <span class='ocrx_word' id='word_1_122' title='bbox 1142 2500 1327 2570; x_wconf 74' lang='lat' dir='ltr'>subtensa·</span> 
     </span>
     <span class='ocr_line' id='line_1_18' title="bbox 283 2612 1326 2699; baseline -0.003 -14"><span class='ocrx_word' id='word_1_123' title='bbox 283 2613 438 2685; x_wconf 91' lang='lat' dir='ltr'>duarum</span> <span class='ocrx_word' id='word_1_124' title='bbox 464 2624 648 2684; x_wconf 87' lang='lat' dir='ltr'>rectarum</span> <span class='ocrx_word' id='word_1_125' title='bbox 665 2612 743 2698; x_wconf 87' lang='lat' dir='ltr'>AB,</span> <span class='ocrx_word' id='word_1_126' title='bbox 766 2613 840 2699; x_wconf 87' lang='grc' dir='ltr'>ΒΕ,</span> <span class='ocrx_word' id='word_1_127' title='bbox 858 2612 896 2683; x_wconf 90' lang='lat' dir='ltr'>id</span> <span class='ocrx_word' id='word_1_128' title='bbox 914 2625 980 2699; x_wconf 87' lang='lat' dir='ltr'>est,</span> <span class='ocrx_word' id='word_1_129' title='bbox 999 2626 1108 2684; x_wconf 86' lang='lat' dir='ltr'>rectae</span> <span class='ocrx_word' id='word_1_130' title='bbox 1126 2613 1202 2683; x_wconf 84' lang='grc' dir='ltr'>ΑΕ.</span> <span class='ocrx_word' id='word_1_131' title='bbox 1255 2612 1326 2682; x_wconf 89' lang='grc' dir='ltr'>Οε-</span> 
     </span>
     <span class='ocr_line' id='line_1_19' title="bbox 283 2724 1328 2818; baseline 0.001 -23"><span class='ocrx_word' id='word_1_132' title='bbox 283 2735 427 2795; x_wconf 89' lang='lat' dir='ltr'>tensum</span> <span class='ocrx_word' id='word_1_133' title='bbox 458 2735 581 2795; x_wconf 88' lang='lat' dir='ltr'>antem</span> <span class='ocrx_word' id='word_1_134' title='bbox 613 2734 668 2795; x_wconf 89' lang='lat' dir='ltr'>est</span> <span class='ocrx_word' id='word_1_135' title='bbox 696 2725 793 2818; x_wconf 89' lang='lat' dir='ltr'>quod</span> <span class='ocrx_word' id='word_1_136' title='bbox 822 2725 897 2810; x_wconf 78' lang='grc' dir='ltr'>ΑΕ,</span> <span class='ocrx_word' id='word_1_137' title='bbox 927 2724 1002 2795; x_wconf 89' lang='lat' dir='ltr'>sive</span> <span class='ocrx_word' id='word_1_138' title='bbox 1028 2725 1173 2796; x_wconf 83' lang='lat' dir='ltr'>Adest</span> <span class='ocrx_word' id='word_1_139' title='bbox 1203 2724 1328 2796; x_wconf 89' lang='lat' dir='ltr'>media</span> 
     </span>
     <span class='ocr_line' id='line_1_20' title="bbox 282 2837 1327 2933; baseline 0.002 -27"><span class='ocrx_word' id='word_1_140' title='bbox 282 2837 566 2931; x_wconf 89' lang='lat' dir='ltr'>proportionalis</span> <span class='ocrx_word' id='word_1_141' title='bbox 595 2838 690 2908; x_wconf 85' lang='lat' dir='ltr'>inter</span> <span class='ocrx_word' id='word_1_142' title='bbox 713 2862 839 2909; x_wconf 92' lang='lat' dir='ltr'>arcum</span> <span class='ocrx_word' id='word_1_143' title='bbox 859 2839 923 2909; x_wconf 91' lang='lat' dir='ltr'>BD</span> <span class='ocrx_word' id='word_1_144' title='bbox 942 2852 979 2909; x_wconf 91' lang='lat' dir='ltr'>et</span> <span class='ocrx_word' id='word_1_145' title='bbox 998 2839 1110 2933; x_wconf 86' lang='lat' dir='ltr'>ipsius</span> <span class='ocrx_word' id='word_1_146' title='bbox 1138 2839 1327 2908; x_wconf 87' lang='lat' dir='ltr'>semissem</span> 
     </span>
     <span class='ocr_line' id='line_1_21' title="bbox 284 2950 1326 3045; baseline 0.002 -25"><span class='ocrx_word' id='word_1_147' title='bbox 284 2950 363 3028; x_wconf 88' lang='grc' dir='ltr'>ΒΡ;</span> <span class='ocrx_word' id='word_1_148' title='bbox 392 2964 429 3021; x_wconf 89' lang='grc' dir='ltr'>θῖ</span> <span class='ocrx_word' id='word_1_149' title='bbox 448 2950 681 3021; x_wconf 85' lang='lat' dir='ltr'>manifestum</span> <span class='ocrx_word' id='word_1_150' title='bbox 701 2964 755 3023; x_wconf 87' lang='lat' dir='ltr'>est</span> <span class='ocrx_word' id='word_1_151' title='bbox 772 2975 898 3022; x_wconf 90' lang='lat' dir='ltr'>arcum</span> <span class='ocrx_word' id='word_1_152' title='bbox 917 2950 1131 3045; x_wconf 85' lang='lat' dir='ltr'>quadrantis</span> <span class='ocrx_word' id='word_1_153' title='bbox 1149 2950 1326 3044; x_wconf 90' lang='lat' dir='ltr'>descripti</span> 
     </span>
     <span class='ocr_line' id='line_1_22' title="bbox 282 3062 1327 3157; baseline 0 -24"><span class='ocrx_word' id='word_1_154' title='bbox 282 3062 328 3133; x_wconf 89' lang='lat' dir='ltr'>ab</span> <span class='ocrx_word' id='word_1_155' title='bbox 347 3063 419 3136; x_wconf 71' lang='grc' dir='ltr'>ΑΟ</span> <span class='ocrx_word' id='word_1_156' title='bbox 435 3063 492 3134; x_wconf 90' lang='lat' dir='ltr'>vel</span> <span class='ocrx_word' id='word_1_157' title='bbox 517 3062 566 3134; x_wconf 84' lang='grc' dir='ltr'>ΑΙ</span> <span class='ocrx_word' id='word_1_158' title='bbox 599 3064 761 3134; x_wconf 89' lang='lat' dir='ltr'>medium</span> <span class='ocrx_word' id='word_1_159' title='bbox 788 3087 866 3134; x_wconf 87' lang='lat' dir='ltr'>esse</span> <span class='ocrx_word' id='word_1_160' title='bbox 891 3063 1201 3157; x_wconf 88' lang='lat' dir='ltr'>proportionalem</span> <span class='ocrx_word' id='word_1_161' title='bbox 1226 3063 1327 3134; x_wconf 89' lang='lat' dir='ltr'>inter</span> 
     </span>
     <span class='ocr_line' id='line_1_23' title="bbox 282 3175 1326 3270; baseline 0.001 -24"><span class='ocrx_word' id='word_1_162' title='bbox 282 3175 428 3246; x_wconf 91' lang='lat' dir='ltr'>eosdem</span> <span class='ocrx_word' id='word_1_163' title='bbox 460 3199 565 3247; x_wconf 90' lang='lat' dir='ltr'>arcus</span> <span class='ocrx_word' id='word_1_164' title='bbox 592 3175 656 3245; x_wconf 90' lang='lat' dir='ltr'>BD</span> <span class='ocrx_word' id='word_1_165' title='bbox 676 3187 713 3247; x_wconf 89' lang='lat' dir='ltr'>et</span> <span class='ocrx_word' id='word_1_166' title='bbox 738 3175 808 3261; x_wconf 89' lang='lat' dir='ltr'>BP,</span> <span class='ocrx_word' id='word_1_167' title='bbox 827 3200 910 3246; x_wconf 90' lang='lat' dir='ltr'>cum</span> <span class='ocrx_word' id='word_1_168' title='bbox 937 3175 1015 3270; x_wconf 90' lang='lat' dir='ltr'>ipsa</span> <span class='ocrx_word' id='word_1_169' title='bbox 1033 3176 1104 3247; x_wconf 69' lang='grc' dir='ltr'>ΑΟ</span> <span class='ocrx_word' id='word_1_170' title='bbox 1128 3176 1175 3245; x_wconf 88' lang='lat' dir='ltr'>sit</span> <span class='ocrx_word' id='word_1_171' title='bbox 1202 3175 1326 3247; x_wconf 90' lang='lat' dir='ltr'>media</span> 
     </span>
     <span class='ocr_line' id='line_1_24' title="bbox 282 3287 1326 3383; baseline -0.001 -24"><span class='ocrx_word' id='word_1_172' title='bbox 282 3289 568 3383; x_wconf 87' lang='lat' dir='ltr'>proportionalis</span> <span class='ocrx_word' id='word_1_173' title='bbox 587 3288 682 3359; x_wconf 91' lang='lat' dir='ltr'>inter</span> <span class='ocrx_word' id='word_1_174' title='bbox 702 3288 765 3358; x_wconf 88' lang='lat' dir='ltr'>AB</span> <span class='ocrx_word' id='word_1_175' title='bbox 784 3302 822 3359; x_wconf 90' lang='lat' dir='ltr'>et</span> <span class='ocrx_word' id='word_1_176' title='bbox 841 3289 929 3360; x_wconf 88' lang='lat' dir='ltr'>AG:</span> <span class='ocrx_word' id='word_1_177' title='bbox 955 3287 1119 3381; x_wconf 88' lang='lat' dir='ltr'>sequitur</span> <span class='ocrx_word' id='word_1_178' title='bbox 1136 3310 1223 3378; x_wconf 83' lang='lat' dir='ltr'>ergo</span> <span class='ocrx_word' id='word_1_179' title='bbox 1243 3312 1326 3358; x_wconf 86' lang='lat' dir='ltr'>rec-</span> 
     </span>
     <span class='ocr_line' id='line_1_25' title="bbox 283 3399 1329 3495; baseline 0.004 -23"><span class='ocrx_word' id='word_1_180' title='bbox 283 3415 359 3473; x_wconf 88' lang='lat' dir='ltr'>tam</span> <span class='ocrx_word' id='word_1_181' title='bbox 377 3403 453 3484; x_wconf 87' lang='grc' dir='ltr'>ΑΕ,</span> <span class='ocrx_word' id='word_1_182' title='bbox 473 3414 509 3471; x_wconf 90' lang='grc' dir='ltr'>θῖ</span> <span class='ocrx_word' id='word_1_183' title='bbox 535 3425 661 3472; x_wconf 88' lang='lat' dir='ltr'>arcum</span> <span class='ocrx_word' id='word_1_184' title='bbox 686 3401 899 3495; x_wconf 88' lang='lat' dir='ltr'>quadrantis</span> <span class='ocrx_word' id='word_1_185' title='bbox 928 3400 1102 3494; x_wconf 88' lang='lat' dir='ltr'>descripti</span> <span class='ocrx_word' id='word_1_186' title='bbox 1130 3399 1232 3470; x_wconf 90' lang='lat' dir='ltr'>radio</span> <span class='ocrx_word' id='word_1_187' title='bbox 1253 3403 1329 3476; x_wconf 68' lang='grc' dir='ltr'>ΑΟ</span> 
     </span>
     <span class='ocr_line' id='line_1_26' title="bbox 282 3513 874 3607; baseline -0.002 -22"><span class='ocrx_word' id='word_1_188' title='bbox 282 3515 337 3586; x_wconf 85' lang='grc' dir='ltr'>νθ]</span> <span class='ocrx_word' id='word_1_189' title='bbox 355 3515 419 3601; x_wconf 86' lang='grc' dir='ltr'>ΑΙ,</span> <span class='ocrx_word' id='word_1_190' title='bbox 439 3537 517 3585; x_wconf 87' lang='grc' dir='ltr'><strong>θεεθ</strong></span> <span class='ocrx_word' id='word_1_191' title='bbox 537 3514 632 3584; x_wconf 89' lang='lat' dir='ltr'>inter</span> <span class='ocrx_word' id='word_1_192' title='bbox 650 3537 687 3584; x_wconf 91' lang='grc' dir='ltr'>εθ</span> <span class='ocrx_word' id='word_1_193' title='bbox 706 3513 874 3607; x_wconf 86' lang='lat' dir='ltr'>aequales.</span> 
     </span>
    </p>
   </div>
   <div class='ocr_carea' id='block_1_7' title="bbox 646 3737 956 3787">
    <p class='ocr_par' dir='ltr' id='par_1_8' title="bbox 646 3737 956 3787">
     <span class='ocr_line' id='line_1_27' title="bbox 646 3737 956 3787; baseline -0.003 -1"><span class='ocrx_word' id='word_1_194' title='bbox 646 3737 896 3787; x_wconf 86' lang='lat' dir='ltr'>PROPOSITIO</span> <span class='ocrx_word' id='word_1_195' title='bbox 917 3738 956 3785; x_wconf 89' lang='lat' dir='ltr'>X.</span> 
     </span>
    </p>
   </div>
   <div class='ocr_carea' id='block_1_8' title="bbox 280 3852 1329 4394">
    <p class='ocr_par' dir='ltr' id='par_1_9' title="bbox 331 3852 1192 3947">
     <span class='ocr_line' id='line_1_28' title="bbox 331 3852 1192 3947; baseline -0.003 -23"><span class='ocrx_word' id='word_1_196' title='bbox 331 3855 445 3924; x_wconf 86' lang='lat' dir='ltr'>Recta</span> <span class='ocrx_word' id='word_1_197' title='bbox 463 3854 528 3924; x_wconf 86' lang='lat' dir='ltr'>CO</span> <span class='ocrx_word' id='word_1_198' title='bbox 548 3854 696 3947; x_wconf 87' lang='lat' dir='ltr'>aequalis</span> <span class='ocrx_word' id='word_1_199' title='bbox 714 3868 771 3924; x_wconf 90' lang='lat' dir='ltr'>est</span> <span class='ocrx_word' id='word_1_200' title='bbox 789 3854 971 3924; x_wconf 88' lang='lat' dir='ltr'>subtensae</span> <span class='ocrx_word' id='word_1_201' title='bbox 989 3875 1095 3923; x_wconf 86' lang='lat' dir='ltr'>arcus</span> <span class='ocrx_word' id='word_1_202' title='bbox 1115 3852 1192 3922; x_wconf 83' lang='grc' dir='ltr'>ΒΚ.</span> 
     </span>
    </p>

    <p class='ocr_par' dir='ltr' id='par_1_10' title="bbox 280 3963 1329 4394">
     <span class='ocr_line' id='line_1_29' title="bbox 331 3963 1327 4058; baseline 0.002 -21"><span class='ocrx_word' id='word_1_203' title='bbox 331 3966 496 4037; x_wconf 85' lang='lat' dir='ltr'>Ducatur</span> <span class='ocrx_word' id='word_1_204' title='bbox 523 3967 696 4037; x_wconf 88' lang='lat' dir='ltr'>subtensa</span> <span class='ocrx_word' id='word_1_205' title='bbox 720 3966 799 4052; x_wconf 88' lang='grc' dir='ltr'>ΒΚ,</span> <span class='ocrx_word' id='word_1_206' title='bbox 819 3977 855 4036; x_wconf 85' lang='grc' dir='ltr'>θῖ</span> <span class='ocrx_word' id='word_1_207' title='bbox 873 3963 1099 4058; x_wconf 88' lang='lat' dir='ltr'>producatur</span> <span class='ocrx_word' id='word_1_208' title='bbox 1119 3964 1327 4039; x_wconf 88' lang='lat' dir='ltr'>indefinite.</span> 
     </span>
     <span class='ocr_line' id='line_1_30' title="bbox 281 4076 1326 4172; baseline 0.003 -25"><span class='ocrx_word' id='word_1_209' title='bbox 281 4078 399 4148; x_wconf 85' lang='lat' dir='ltr'>Erunt</span> <span class='ocrx_word' id='word_1_210' title='bbox 431 4103 519 4172; x_wconf 86' lang='lat' dir='ltr'>ergo</span> <span class='ocrx_word' id='word_1_211' title='bbox 551 4091 689 4171; x_wconf 87' lang='lat' dir='ltr'>puncta</span> <span class='ocrx_word' id='word_1_212' title='bbox 716 4078 748 4148; x_wconf 91' lang='grc' dir='ltr'><strong>Ο</strong></span> <span class='ocrx_word' id='word_1_213' title='bbox 777 4091 815 4147; x_wconf 88' lang='grc' dir='ltr'>θῖ</span> <span class='ocrx_word' id='word_1_214' title='bbox 832 4078 864 4144; x_wconf 90' lang='lat' dir='ltr'>V</span> <span class='ocrx_word' id='word_1_215' title='bbox 887 4078 925 4147; x_wconf 90' lang='lat' dir='ltr'>in</span> <span class='ocrx_word' id='word_1_216' title='bbox 956 4076 1083 4147; x_wconf 85' lang='lat' dir='ltr'>eadem</span> <span class='ocrx_word' id='word_1_217' title='bbox 1111 4088 1212 4147; x_wconf 89' lang='lat' dir='ltr'>recta</span> <span class='ocrx_word' id='word_1_218' title='bbox 1242 4078 1326 4151; x_wconf 88' lang='lat' dir='ltr'>RO.</span> 
     </span>
     <span class='ocr_line' id='line_1_31' title="bbox 280 4188 1326 4283; baseline 0.004 -25"><span class='ocrx_word' id='word_1_219' title='bbox 280 4188 519 4283; x_wconf 84' lang='lat' dir='ltr'>Triangulum</span> <span class='ocrx_word' id='word_1_220' title='bbox 547 4203 669 4261; x_wconf 90' lang='lat' dir='ltr'>autem</span> <span class='ocrx_word' id='word_1_221' title='bbox 689 4190 788 4261; x_wconf 89' lang='lat' dir='ltr'>OKV</span> <span class='ocrx_word' id='word_1_222' title='bbox 811 4202 866 4259; x_wconf 90' lang='lat' dir='ltr'>est</span> <span class='ocrx_word' id='word_1_223' title='bbox 890 4189 1167 4283; x_wconf 86' lang='lat' dir='ltr'>aequilaterum;</span> <span class='ocrx_word' id='word_1_224' title='bbox 1195 4202 1232 4259; x_wconf 86' lang='grc' dir='ltr'>θῖ</span> <span class='ocrx_word' id='word_1_225' title='bbox 1252 4191 1326 4262; x_wconf 82' lang='grc' dir='ltr'>ΑΚ</span> 
     </span>
     <span class='ocr_line' id='line_1_32' title="bbox 281 4300 1329 4394; baseline 0.008 -25"><span class='ocrx_word' id='word_1_226' title='bbox 281 4303 418 4373; x_wconf 88' lang='lat' dir='ltr'>secabit</span> <span class='ocrx_word' id='word_1_227' title='bbox 449 4319 586 4376; x_wconf 89' lang='lat' dir='ltr'>rectam</span> <span class='ocrx_word' id='word_1_228' title='bbox 612 4303 671 4373; x_wconf 79' lang='lat' dir='ltr'>Blr</span> <span class='ocrx_word' id='word_1_229' title='bbox 689 4302 855 4375; x_wconf 81' lang='lat' dir='ltr'>bifariam</span> <span class='ocrx_word' id='word_1_230' title='bbox 882 4301 993 4373; x_wconf 88' lang='lat' dir='ltr'>etad</span> <span class='ocrx_word' id='word_1_231' title='bbox 1020 4300 1171 4394; x_wconf 85' lang='lat' dir='ltr'>angulos</span> <span class='ocrx_word' id='word_1_232' title='bbox 1200 4315 1329 4376; x_wconf 88' lang='lat' dir='ltr'>rectos</span> 
     </span>
    </p>
   </div>
   <div class='ocr_carea' id='block_1_9' title="bbox 0 0 1478 5010">
    <p class='ocr_par' dir='ltr' id='par_1_11' title="bbox 0 0 1478 5010">
     <span class='ocr_line' id='line_1_33' title="bbox 0 0 1478 5010; baseline 0 1"><span class='ocrx_word' id='word_1_233' title='bbox 0 0 1478 5010; x_wconf 95' lang='lat' dir='ltr'> </span> 
     </span>
    </p>
   </div>
  </div>
 </body>
</html>
