2946 5010
294 400 366 467 242
613 413 666 464 nu
688 410 858 464 unauna
877 410 1013 463 naurs.

294 582 452 656 multum
471 579 684 653 dissimilem
709 580 746 652 in
764 581 933 653 coenobio
951 579 1203 666 Minimorum,
1221 600 1344 672 quan-

295 719 407 791 quam
424 718 493 766 nec
511 703 632 767 certus
656 717 842 782 numerus,
867 718 937 766 nec
967 694 1096 766 diebus
1122 691 1344 787 praestitutis

296 807 615 896 conveniebam,
633 806 732 902 apud
748 806 868 880 virum
886 807 1065 902 optimum
1090 817 1128 878 et
1157 806 1344 877 bonarum

295 921 431 994 artium
444 929 695 1014 promotorem
708 919 901 1015 insignem,
916 920 954 992 F.
967 919 1154 992 Marinum
1171 917 1344 989 Mersen-

295 1059 397 1122 num,
416 1033 479 1128 qui
497 1032 647 1105 inventa
673 1044 800 1106 nostra
826 1032 1026 1128 publicavit
1049 1033 1087 1104 in
1104 1031 1211 1118 libro,
1229 1052 1344 1125 quem

295 1147 482 1242 inscripsit
508 1145 684 1243 Cogitata
697 1145 1160 1242 Physico-Matlrematica.
1188 1144 1287 1216 Nam
1296 1156 1344 1215 ut

295 1261 377 1358 quis
413 1259 604 1355 problema
637 1259 787 1355 aliquod
818 1259 1118 1345 demonstrasset,
1152 1257 1200 1329 ad
1234 1256 1344 1329 illum

295 1371 450 1460 ferebat,
469 1371 515 1445 ab
533 1371 596 1443 illo
614 1382 653 1443 et
675 1371 818 1444 caeteris
848 1371 1142 1446 examinandum.
1195 1369 1257 1443 Sic
1274 1393 1344 1443 vos

296 1508 455 1582 quoque,
470 1495 574 1580 puto,
592 1483 726 1558 facitis.

344 1600 394 1673 B.
421 1599 589 1688 Minime,
603 1597 666 1672 sed
684 1609 727 1672 ut
740 1599 828 1689 dixi,
840 1598 925 1672 viva
936 1622 1040 1673 voce.
1077 1595 1186 1672 Quod
1205 1597 1344 1693 quaeris

295 1712 446 1809 quinam
464 1722 562 1801 sunt,
579 1734 716 1807 paucos
737 1712 831 1801 illos,
859 1736 951 1809 quos
968 1712 1006 1784 in
1032 1736 1075 1785 eo
1099 1734 1253 1783 numero
1282 1711 1344 1783 vel

294 1825 388 1899 facie
406 1825 465 1897 vel
483 1824 629 1919 scriptis
652 1834 694 1897 tu
716 1825 826 1913 nosti,
844 1824 1041 1898 nominabo
1056 1855 1065 1909 ;
1093 1835 1247 1896 caeteros
1264 1847 1344 1896 non

295 1950 351 2013 est
367 1962 528 2012 necesse.
581 1937 638 2010 lbi
656 1950 712 2011 est
730 1939 771 2012 C.

345 2050 391 2124 A.
419 2050 517 2124 Novi
533 2051 732 2124 hominem.
770 2051 910 2124 Probus
928 2063 996 2137 est,
1011 2050 1167 2139 subtilis,
1181 2062 1220 2123 et
1236 2050 1344 2148 inge-

294 2165 432 2239 diosus.

347 2277 396 2351 B.
424 2278 474 2349 Et
491 2278 536 2350 D.

345 2390 395 2464 A.
422 2389 509 2463 Non
531 2390 701 2463 carebitis
718 2414 807 2486 ergo
821 2389 976 2464 historia
992 2389 1161 2463 naturali.

348 2503 397 2575 B.
424 2503 518 2574 Sunt
537 2526 682 2598 quoque
699 2502 835 2576 assidui
852 2503 894 2593 E,
909 2504 949 2592 F,
961 2503 1003 2578 G.

348 2616 396 2689 Α.
424 2615 609 2686 Numerus
632 2624 728 2686 sunt.

350 2729 397 2800 B.
426 2729 474 2799 Et
492 2728 541 2814 Η,
557 2726 586 2815 Ι,
602 2727 648 2798 Κ.

347 2838 393 2911 Α.
422 2840 507 2911 Non
520 2839 667 2933 placent
679 2839 778 2911 inter
788 2840 959 2935 physicos
972 2840 1193 2934 algebristae.
1220 2841 1345 2915 Narra

297 2951 387 3024 mihi
404 2975 504 3023 nunc
522 2952 775 3046 experimenta
792 2951 855 3024 illa
872 2965 994 3023 vestra
1011 2952 1150 3024 critica.

350 3065 398 3137 B.
428 3064 589 3137 Primum
604 3075 659 3136 est
674 3063 719 3135 de
731 3089 846 3136 vacuo
865 3079 902 3137 et
916 3077 1049 3136 natura
1063 3065 1168 3152 cerie,
1181 3087 1246 3160 per
1263 3090 1344 3139 ma-

298 3178 444 3250 chinam
456 3177 653 3273 quandam,
666 3202 775 3272 quam
793 3201 922 3249 vereor
934 3188 977 3249 ut
987 3178 1123 3273 possim
1134 3179 1202 3251 tibi
1218 3180 1343 3252 verbis

298 3292 386 3364 satis
399 3291 590 3387 perspicue
605 3291 812 3363 describere
827 3323 836 3375 3
860 3316 945 3363 nam
963 3292 1099 3387 pictam
1117 3316 1192 3364 non
1209 3293 1342 3366 habea.

296 3405 363 3477 Est
380 3429 444 3477 vas
462 3403 646 3499 quoddam
670 3405 839 3493 vitreum,
867 3406 1098 3501 sphaericum,
1127 3431 1344 3494 concavum,

297 3517 560 3612 magnitudinis
578 3530 621 3590 ut
639 3519 760 3613 capiat
781 3519 929 3592 circiter
952 3520 1219 3615 quinquaginta
1237 3546 1344 3615 aquae

298 3630 487 3719 sextarios
506 3631 605 3726 qnod
627 3631 812 3727 appellant
824 3633 1033 3729 Recipiens.
1087 3635 1208 3727 Hujus
1225 3634 1344 3708 fundo

297 3745 481 3816 immissus
516 3757 572 3816 est
613 3746 761 3818 tubulus
796 3771 920 3834 cavus,
964 3761 1100 3831 rectus
1130 3749 1344 3842 prominens

298 3869 402 3930 extra
420 3857 612 3953 recipiens
633 3882 717 3930 cum
735 3859 924 3947 clavicula,
943 3881 1009 3954 per
1033 3884 1142 3955 quam
1166 3862 1345 3935 transitus

298 3971 374 4042 aeri
391 3971 450 4042 vel
475 3972 692 4067 prohibetur
709 3971 767 4044 vel
793 3972 1009 4045 conceditur
1033 3985 1142 4068 prout
1161 3974 1342 4048 volumus.

298 4083 505 4178 Recipienti
524 4083 739 4179 adjungitur
756 4085 897 4158 inferne
912 4111 975 4159 vas
993 4110 1147 4175 aeneum,
1169 4087 1346 4181 cylindri-

299 4219 395 4283 cum,
414 4221 555 4286 cavum,
574 4198 726 4293 longum
750 4200 900 4295 pollices
919 4201 1210 4296 quatuordecim,
1238 4206 1346 4297 cujus

300 4309 467 4382 caritatis
483 4310 660 4383 diameter
678 4325 734 4384 est
756 4325 830 4385 tres
847 4314 1009 4408 pollices.
1062 4314 1226 4410 Cylindri
1244 4339 1346 4389 sum-
