2946 5010
116 596 186 641 clf·
202 601 232 642 v·

103 665 249 703 »we

126 724 163 771 ll·
174 726 231 771 duro

126 790 225 837 etmulll.

290 394 365 463 338
564 410 1057 467 ι’κουιιιΜΔτηηῐειοΑ.

290 600 509 676 quoeunque
526 576 766 675 homogenea,
783 589 821 654 et
847 577 945 652 illius
966 577 1164 653 terminum
1182 577 1331 674 quidem

288 690 447 765 alterum
471 714 584 765 mauu
606 702 747 781 teneas,
763 692 944 765 terminus
969 702 1094 765 autem
1116 691 1211 764 alter
1235 690 1331 764 cale·

287 805 353 879 fiat
379 803 469 878 dum
496 804 705 896 candescat,
722 807 861 903 poteris
883 830 964 879 eam
985 805 1097 879 etiam
1120 805 1174 877 sio
1196 805 1331 879 illaesus

287 929 427 993 teuere.
477 918 616 991 Verum
633 918 664 991 si
680 918 789 993 simul
805 930 933 993 teneas
950 930 989 991 et
1008 928 1153 1016 partem
1170 916 1331 990 canden-

286 1040 365 1105 tem
390 1030 514 1107 subito
537 1031 745 1129 extinguas,
768 1055 899 1106 manus
922 1032 992 1106 tibi
1017 1032 1071 1106 ita
1093 1030 1331 1105 vehementer

286 1158 428 1235 uretur,
445 1157 489 1218 ut
505 1156 634 1219 tenere
649 1144 750 1220 illam
767 1144 906 1219 diutius
923 1168 999 1221 nou
1014 1144 1145 1243 possis.

337 1256 387 1345 Α.
413 1258 515 1333 Nota
530 1282 590 1333 res
606 1271 673 1333 est.

340 1372 387 1445 B.
413 1371 528 1447 Vides
553 1396 654 1470 ergo,
677 1384 721 1447 ut
749 1384 873 1447 motus
898 1372 1060 1471 partium
1084 1370 1132 1445 ab
1152 1370 1330 1444 Aversus

287 1484 423 1559 cete
446 1484 701 1559 vehementior
723 1483 841 1560 multo
867 1485 989 1560 faetus
1020 1484 1069 1558 sit
1093 1506 1204 1581 quam
1229 1496 1328 1572 ante,

286 1610 398 1694 atque
415 1598 528 1687 etiam
551 1598 591 1671 in
615 1597 743 1695 spatiis
770 1598 990 1673 arctioribus
1011 1609 1165 1696 propter
1187 1596 1328 1671 extinc-

285 1709 426 1786 tionem
451 1710 612 1808 partium
641 1710 879 1785 inferiorum:
913 1722 1028 1808 utque
1058 1710 1177 1785 omnis
1207 1720 1328 1785 motus

283 1823 445 1921 partium
459 1823 676 1900 inferiorum
688 1825 813 1899 unitus
825 1825 873 1899 sit
885 1824 1064 1921 paulatim
1080 1824 1120 1898 iu
1132 1834 1271 1921 puncto
1284 1823 1327 1898 B.

283 1936 410 2035 Atque
425 1938 513 2013 hino
528 1939 609 2013 fieri
626 1938 749 2028 oredo,
762 1949 804 2014 ut
816 1938 935 2013 cauda
951 1938 1014 2012 illa
1026 1936 1106 2028 ΒΟ,
1117 1960 1329 2034 quanquam

284 2049 975 2148 exilis,difficillimetameufraugatur.
1001 2050 1188 2126 Quoniam
1201 2062 1328 2124 autem

284 2174 407 2239 motus
428 2164 491 2239 hio
519 2163 558 2238 in
589 2163 759 2239 omuibus
779 2163 867 2237 vitri
890 2162 1081 2261 particulis
1106 2185 1182 2236 non
1207 2163 1327 2237 solum

284 2276 473 2352 circularis
492 2289 562 2367 est,
585 2277 651 2351 sed
677 2278 789 2352 etiam
809 2290 1037 2376 propagatur
1059 2276 1097 2350 in
1124 2275 1326 2373 longitudi-

281 2414 368 2466 uem
385 2415 409 2465 a
424 2389 541 2465 fundo
552 2389 585 2463 A
598 2389 646 2464 ad
663 2390 851 2488 cuspidem
865 2390 917 2463 Bt
934 2401 1088 2489 propter
1100 2389 1328 2464 reaotionem

281 2526 460 2600 vaporum
474 2527 519 2576 ex
533 2527 627 2599 aqna
641 2503 818 2576 calefacta
833 2503 872 2576 in
885 2515 1030 2599 guttam
1041 2501 1113 2575 ΑΑ
1124 2503 1324 2597 agentium,

282 2627 383 2691 totus
401 2628 522 2689 motus
540 2616 683 2711 spiralis
699 2616 776 2704 fiet,
796 2627 833 2688 et
849 2640 916 2710 per
936 2615 1040 2688 illum
1058 2615 1271 2689 diffindetur
1288 2628 1326 2691 et

283 2730 514 2826 torquebitur
538 2731 692 2803 materia
709 2730 826 2803 vitrea
850 2731 896 2802 ab
920 2731 994 2803 imo
1017 2728 1065 2802 ad
1086 2754 1267 2803 summum
1286 2731 1325 2803 iu

282 2842 345 2915 fila
368 2843 486 2914 vitrea
510 2842 801 2931 innumerabilia,
828 2856 871 2916 ut
897 2845 992 2915 fiunt
1019 2843 1058 2915 iu
1087 2843 1277 2916 arboribus
1302 2868 1325 2916 a

282 2980 391 3029 succo
409 2968 583 3050 surgente
601 2978 672 3051 quo
689 2955 902 3028 nutriuntur
919 2955 981 3027 fila
999 2954 1132 3051 lignea.

333 3069 473 3164 Itaque,
503 3069 534 3140 si
560 3067 716 3141 caudam
746 3067 846 3140 illam
864 3067 971 3140 ΑΟΒ
994 3069 1121 3142 flectas
1150 3067 1324 3163 (exempli

281 3182 405 3274 causa)
427 3182 466 3254 in
484 3183 535 3255 C:
562 3182 601 3254 id
628 3182 726 3278 quod
743 3183 919 3277 majorem
936 3180 1091 3278 requirit
1108 3181 1195 3270 vim,
1214 3205 1324 3276 quam

281 3294 362 3390 quis
392 3295 500 3369 facile
526 3294 715 3368 erederet:
747 3294 810 3367 fila
834 3294 898 3367 illa
922 3293 1040 3366 vitrea
1065 3294 1190 3367 omnia
1215 3294 1324 3367 simul

278 3408 416 3481 flectes,
480 3408 603 3505 Atque
641 3407 768 3501 eadem
805 3409 900 3480 flexa
933 3406 1169 3495 tenebuntur,
1205 3406 1323 3479 donee

279 3532 387 3617 rupto
415 3521 513 3594 vitro
542 3522 581 3593 iu
608 3522 637 3594 C
664 3521 772 3593 simul
798 3520 922 3593 omnia
957 3519 1170 3592 liberentur.
1227 3519 1322 3592 Tum

277 3659 365 3708 vero
383 3634 505 3707 subito
524 3634 632 3706 simul
653 3633 777 3707 omnia
803 3632 970 3705 resilient
991 3631 1106 3724 (velut
1122 3656 1230 3704 arcus
1248 3633 1321 3705 fra-

276 3746 360 3843 gilis
378 3759 416 3819 et
434 3747 588 3819 nimium
611 3759 749 3833 tensus
775 3757 885 3842 rupto
909 3744 1040 3839 nervo)
1062 3744 1100 3816 in
1123 3744 1321 3840 particulas

277 3859 574 3933 innumerabiles

326 3974 376 4048 Α.
403 3973 507 4047 Nihil
522 3972 765 4046 verisimilius.
816 3972 865 4044 Et
891 3984 1036 4059 natura,
1062 3970 1093 4043 si
1119 3969 1158 4043 in
1184 3970 1320 4043 aliare

275 4086 362 4173 ulla,
380 4085 419 4157 in
442 4085 512 4157 hac
536 4110 575 4158 se
600 4083 775 4181 prodidit,
795 4093 833 4156 et
858 4083 896 4155 in
923 4083 986 4156 ille
1010 4083 1056 4154 de
1088 4082 1319 4156 restitutione

276 4198 494 4272 laminarum
510 4198 547 4271 iu
559 4198 725 4272 ballistis.
763 4197 847 4272 Quo
861 4198 1103 4293 phaeuomeuo
1117 4195 1318 4294 suppositio
