2946 5010
352 450 668 502 uuruunrrrcn
691 451 935 502 eumenum.
1122 447 1164 514 13

122 618 340 714 symbolum.
385 619 485 714 Coge
503 620 616 716 igitur
630 619 732 691 illum
748 643 919 692 numeros
933 642 1016 693 suos
1030 619 1163 715 eloqui.
1200 652 1350 694 mmoous

122 733 234 821 Dicit,
249 733 371 818 credo,
386 757 579 805 numerum
594 733 751 807 alterum
765 734 894 806 saltem
909 756 988 806 esse
1002 732 1165 805 surdum.
1206 733 1348 837 *ιβ

127 846 290 918 Surdum
307 858 431 918 autem
449 858 515 933 est,
540 847 640 943 quod
664 848 807 920 effabile
825 870 899 919 non
918 860 984 920 est.
1035 847 1116 920 Jam
1136 845 1166 917 si

122 961 235 1032 series
252 973 482 1056 proponatur
499 984 747 1044 numerorum,
766 962 813 1034 ab
831 961 972 1033 unitate
990 961 1167 1057 incipien-

122 1074 216 1145 tium
235 1086 272 1145 et
285 1074 429 1146 unitate
444 1076 701 1162 crescentium,
716 1075 882 1156 infinite;
909 1098 1032 1147 nonne
1050 1074 1087 1146 in
1105 1074 1167 1146 illa

122 1187 217 1259 serie
235 1209 407 1259 numeros
425 1210 552 1259 omues
571 1187 750 1260 contineri
767 1187 945 1285 putares?

175 1300 224 1372 B.
252 1300 387 1373 Certe.

174 1413 224 1484 A.
251 1412 327 1484 Aut
343 1412 460 1484 ullum
479 1436 605 1485 eorum
624 1435 702 1486 esse
720 1411 969 1486 ineffabilem?

173 1526 225 1598 B.
252 1525 417 1598 Nullum.

174 1639 225 1710 A.
252 1638 385 1710 Nullus
408 1662 496 1733 ergo
521 1662 696 1712 numerus
720 1639 853 1712 surdus
872 1650 938 1712 est.
993 1638 1067 1712 Sed
1084 1662 1168 1734 per-

123 1750 433 1848 gamus-Quod
444 1760 565 1823 autem
575 1750 884 1850 uelphilologica,
896 1751 1076 1824 ueletiam
1089 1750 1168 1823 alia

121 1863 399 1963 phimeoplzica,
424 1865 692 1936 mathematicis
715 1865 1000 1948 immiscuerim;
1019 1864 1168 1962 purtim

125 1977 224 2050 illud
248 1976 302 2048 ad
328 1975 488 2071 subjecti
514 1975 800 2073 explicationem
823 1976 1041 2049 commodum
1067 1977 1168 2048 vide·

126 2088 247 2175 datur,
270 2088 417 2186 partim
446 2087 556 2160 etium
585 2086 802 2159 condimenti
828 2087 918 2173 loco,
947 2087 1167 2179 dre—Quid

125 2201 216 2274 illud
233 2213 300 2284 est,
324 2200 422 2296 quod
446 2213 599 2296 apparet
622 2199 847 2272 condimenti
865 2200 1027 2272 scientiae
1044 2223 1110 2295 per
1128 2224 1167 2273 se

125 2314 425 2412 jucundissimae?
483 2316 542 2387 An
573 2323 765 2399 γελωηπωὸν,
796 2337 844 2385 an
874 2327 986 2399 γελοῖον
1016 2325 1167 2387 acturus

127 2429 211 2501 est?

177 2542 226 2613 B.
254 2540 356 2613 Nihil
375 2541 506 2613 minus.
559 2540 655 2612 Nam
673 2563 739 2636 per
751 2541 984 2638 philologica,
1003 2565 1047 2614 ea
1064 2541 1169 2614 intel·

126 2652 207 2749 ligit
243 2678 326 2749 quae
356 2653 594 2725 continentur
623 2653 661 2724 in
693 2677 771 2749 cap.
804 2654 852 2725 vi.
881 2667 919 2726 et
950 2654 1167 2749 quibusdam

127 2769 362 2862 sequentibus
389 2766 434 2838 de
457 2766 687 2862 etymologiis
710 2768 900 2841 nominum
924 2769 1168 2841 numeralium

126 2880 353 2967 Latinorum,
380 2880 488 2975 plena
505 2880 664 2975 ingenii;
693 2881 814 2975 qualia
835 2893 932 2969 sunt,
955 2879 1170 2955 Latinorum

125 3016 253 3065 vocem
278 3017 383 3064 unum
405 2993 562 3065 derivari
586 2993 754 3066 eGraeco
772 3006 851 3076 eta
873 2994 945 3066 duo
963 3019 985 3066 a
1002 3006 1068 3076 δίκη
1092 3005 1170 3067 tres

125 3128 149 3176 a
159 3115 249 3193 τρεῖςς
269 3116 430 3202 quatuor
443 3130 465 3178 a
477 3121 589 3196 πίτυρα,
607 3121 705 3196 πέτορα
720 3122 853 3196 arlropu,
868 3119 906 3179 et
922 3108 993 3179 hoc
1007 3123 1170 3195 ἃτέσσαρας

126 3217 284 3315 quinque
302 3242 324 3290 u
340 3233 427 3301 πέντε,
444 3219 565 3313 posito
583 3219 671 3315 quin
687 3244 755 3317 pro
772 3255 833 3301 πεν,
848 3232 885 3292 et
903 3245 973 3317 que
988 3245 1056 3317 pro
1073 3259 1111 3292 τε.

176 3328 225 3402 A.
253 3329 361 3403 Unde
380 3329 459 3402 lraec
478 3330 655 3426 conjicit?

175 3446 226 3517 B.
254 3444 401 3528 Nescio,
419 3445 489 3516 nisi
507 3468 529 3516 a
548 3445 779 3538 congruitate
797 3444 998 3517 literarum.

176 3556 225 3630 A.
252 3558 337 3630 Non
358 3571 415 3630 est
433 3559 529 3629 inter
547 3569 606 3627 ὅὲν
630 3569 801 3646 etenum,
824 3581 943 3653 neque
966 3560 1063 3630 inter
1080 3581 1169 3653 qua-

126 3680 210 3742 litor
226 3682 264 3742 et
281 3685 410 3760 τέσσαρα,
439 3695 557 3767 lleqlle
576 3670 672 3742 inter
690 3671 844 3767 quinque
866 3683 904 3742 et
924 3686 1011 3752 πέντε,
1036 3693 1170 3764 magna

125 3784 284 3856 affinitas
301 3784 490 3856 literarum
506 3816 515 3867 ;
542 3795 580 3856 et
604 3784 756 3880 quilibet
780 3785 891 3856 etiam
909 3805 1002 3878 puer
1018 3793 1169 3855 tantun-

126 3897 210 3970 dem
229 3897 413 3992 conjicere
432 3898 566 3992 potuit.

175 4007 223 4080 B.
250 4008 406 4095 Deinde,
425 4007 568 4098 bellum,
586 4009 717 4104 inquit,
736 4025 884 4099 ἀπόλεμος
892 4009 1073 4106 fortasse
1089 4009 1169 4082 dic-

126 4130 199 4194 tum
217 4131 286 4194 est.
338 4123 397 4194 An
416 4120 642 4194 tendundem
661 4122 860 4217 conjiceret
877 4122 986 4194 etiarn
1005 4123 1123 4217 pueri

176 4234 225 4306 A.
252 4233 419 4306 Minime.
471 4234 556 4307 Non
576 4245 631 4307 est
655 4234 752 4306 enim
770 4233 947 4306 derivatio
968 4235 1031 4307 illa
1048 4259 1169 4331 neque

126 4370 214 4420 vera
241 4370 362 4443 neque
390 4348 607 4438 verisimiliS,
643 4347 707 4421 sed
740 4348 907 4440 ridicule,
942 4347 1168 4423 condimenti

127 4483 248 4535 081188.
300 4519 302 4522 .
