2946 5010
400 473 713 526 narnnnamcrn
734 471 976 525 nonmnun.
1133 457 1200 535 167

162 643 375 731 rationibus,
394 641 678 715 authoritatibus
695 639 785 712 nihil
808 640 1005 736 pensitant,
1022 641 1200 712 momenti
1237 667 1387 707 unrocus

162 768 268 828 esset.
320 755 451 850 Capite
480 755 519 826 ix
544 754 763 841 continetur,
782 754 913 850 primo,
943 763 1200 847 argumentum
1240 747 1384 849 ,ζμ

162 868 332 940 Peletarii
362 866 563 940 deductum
586 890 632 939 ex
662 868 778 961 gratis
797 878 987 962 assumpto
1014 865 1199 957 lemmate,

160 981 318 1079 angulos
342 980 668 1068 semicirculorum,
695 979 734 1052 id
762 993 830 1069 est,
854 1004 946 1076 quos
975 980 1115 1052 faciunt
1145 979 1201 1052 di·

160 1095 293 1166 ametri
310 1118 395 1166 curn
424 1093 734 1188 semiperimetriS,
753 1115 835 1164 esse
862 1091 1035 1188 (equales.
1089 1093 1201 1168 Quod

161 1207 389 1280 verissimum
406 1206 554 1303 quidem
572 1217 639 1295 est,
657 1205 722 1280 sed
735 1205 885 1279 omnino
896 1205 995 1278 idern
1006 1206 1200 1303 quodpro-

160 1322 322 1395 bandum
357 1332 447 1394 erat.
516 1318 607 1393 Inde
641 1333 764 1392 autem
800 1318 1064 1410 demonstrare,
1100 1319 1201 1414 qnod

161 1434 316 1529 angulus
333 1445 525 1506 contaetus
548 1457 623 1505 non
649 1433 762 1506 habet
789 1433 1046 1528 quantitatem,
1064 1433 1200 1529 impos-

161 1548 264 1620 sibile
282 1559 350 1620 est.
403 1546 576 1642 Sequitur
589 1546 736 1641 quidem
754 1546 840 1619 inde
857 1546 1032 1642 angulum
1050 1559 1200 1620 contac-

162 1675 220 1731 tus
249 1659 388 1732 nnllam
417 1671 561 1755 partem
587 1682 666 1731 esse
693 1659 819 1755 anguli
850 1660 914 1755 qui
944 1659 1154 1732 continetur
1176 1685 1200 1734 a

160 1772 340 1845 diametro
359 1784 397 1844 et
415 1771 734 1856 circumferentia;
760 1796 835 1844 non
849 1783 972 1844 autem
996 1773 1095 1869 quod
1124 1797 1199 1846 non

160 1885 271 1957 habet
295 1909 397 1957 suam
429 1885 496 1956 sibi
527 1884 792 1979 quantitatem
819 1906 888 1956 nec
916 1884 1015 1979 qnod
1044 1884 1200 1980 angulus

161 2010 352 2070 contactus
369 2020 463 2068 nnus
480 1996 596 2069 altero
614 2019 688 2068 non
702 1996 817 2092 possit
833 2018 913 2068 esse
926 1996 984 2069 vel
1003 1999 1129 2093 major,
1143 1996 1200 2069 vel

161 2111 292 2198 minor,
322 2109 379 2181 vel
408 2108 568 2203 aequalis.
620 2110 673 2181 Ea
702 2120 826 2181 autem
856 2132 939 2204 quae
967 2133 1033 2204 per
1067 2110 1200 2183 lemma

161 2247 264 2295 suum
294 2223 366 2294 tria
396 2222 646 2309 enuntiantur,
673 2245 749 2294 non
768 2234 854 2294 sunt
881 2220 927 2293 de
950 2222 1086 2317 angulo
1110 2247 1198 2296 con-

161 2347 292 2422 tactus
309 2335 374 2407 sed
387 2334 432 2407 de
446 2335 527 2429 ipso
541 2344 715 2407 contactu
729 2366 738 2417 ;
757 2335 860 2430 quasi
872 2348 993 2409 essent
1003 2337 1066 2433 qui
1079 2337 1198 2432 ipsum

161 2461 373 2522 contactum
391 2447 565 2544 angulum
583 2471 662 2520 esse
679 2447 857 2521 dicerent.

210 2562 257 2634 B.
285 2563 358 2635 Sed
385 2585 451 2658 per
478 2572 689 2634 contactum
719 2561 873 2658 intelligi
904 2562 982 2636 vult
1006 2571 1198 2636 contactus

161 2677 347 2772 angulum.

211 2791 258 2862 A.
287 2788 417 2861 Credo.
446 2787 519 2860 Sed
537 2787 636 2883 quod
652 2811 728 2860 non
757 2787 931 2884 loquutus
950 2789 999 2861 sit
1015 2798 1198 2877 accurate,

162 2904 199 2975 in
214 2927 321 2975 causa
335 2914 414 2974 erat
432 2900 530 2996 quod
548 2912 718 2973 naturam
736 2903 861 2997 anguli
872 2926 947 2975 non
959 2902 1198 2998 perspexerit.

162 3017 297 3088 Verum
312 3015 448 3087 lemma
460 3013 550 3086 illud
565 3014 734 3086 Peletarii
752 3014 881 3110 Capite
895 3039 921 3086 x
946 3014 1198 3088 demonstrare

162 3130 297 3202 frustra
323 3138 477 3201 conatur
501 3127 698 3200 wallisius,
751 3128 847 3200 Nam
871 3128 940 3200 etsi
969 3128 1199 3200 verissimum

162 3244 220 3332 sit,
248 3259 371 3317 tamen
406 3242 477 3313 nisi
513 3265 557 3313 ex
588 3241 801 3314 delinitione
827 3241 952 3337 anguli
986 3241 1200 3336 simpliciter

162 3358 264 3446 dicti,
282 3358 358 3428 sive
375 3355 567 3443 rectilinei,
586 3355 830 3427 demonstrari
847 3378 921 3426 non
939 3365 1073 3451 potest.

211 3471 259 3541 B.
288 3467 483 3542 Quomodo
517 3476 639 3538 autem
673 3466 807 3539 lemma
846 3466 936 3540 illud
970 3468 1199 3540 demonstra-

161 3584 217 3653 bis
242 3581 312 3654 tu?

212 3695 261 3767 A.
289 3694 486 3767 Quantitas
500 3691 625 3787 anguli
642 3691 834 3781 rectilinei,
852 3716 919 3788 per
949 3692 1199 3766 definitionem

162 3832 292 3895 meam,
311 3818 366 3877 est
385 3805 569 3901 quantitas
589 3829 699 3900 quam
716 3804 827 3878 habet
849 3828 957 3877 arcus
973 3806 1200 3901 interceptus

161 3921 257 3993 inter
275 3920 366 3991 dnos
383 3919 518 4007 radios,
536 3929 748 4015 comparata
764 3918 811 3991 ad
829 3918 1073 4013 quantitatem
1086 3917 1200 3992 totins

161 4034 360 4130 perimetri.
414 4032 487 4104 Sed
504 4033 659 4128 angulus
677 4032 796 4106 factus
813 4033 911 4105 inter
924 4031 1144 4104 diametrum
1162 4046 1201 4105 et

162 4158 387 4241 tangentem,
424 4145 563 4217 nullum
602 4145 789 4241 intercipit
822 4169 959 4218 arcum.
1015 4145 1082 4218 Est
1111 4169 1201 4242 ergo

162 4261 347 4353 quantitas
358 4258 483 4353 auguli
498 4270 688 4332 contactus
701 4259 802 4332 nulla
814 4283 897 4356 pars
912 4258 1126 4355 quantitatis
1137 4284 1201 4333 an-
