2946 5010
475 426 807 480 ononurnsnuu.
1081 409 1154 478 435

174 593 313 665 Rursus
329 592 537 689 incipiendo
552 617 575 666 a
591 593 760 682 maxima,
772 591 865 665 ratio
882 590 1010 687 primae
1022 588 1069 664 ad
1082 602 1156 664 ter·
1188 617 1255 658 car.
1271 615 1346 657 xvu.

122 705 213 779 tiam
236 719 293 780 est
320 708 437 802 major
453 707 596 780 ratione
612 706 775 802 ejusdem
797 706 924 801 primae
951 704 999 777 ad
1025 726 1155 776 secun·
1185 684 1345 800 affl

123 817 220 908 dam,
251 843 382 915 nempe
411 818 524 916 duplo
554 820 691 914 majore
725 830 866 906 contra,
896 816 1105 913 incipiendo
1134 840 1158 889 a
1184 807 1353 918 ffiffil*

122 931 285 1021 minima,
304 932 398 1006 ratio
414 931 542 1028 primae
559 931 607 1005 ad
623 931 770 1006 tertiam
794 930 914 1003 minor
937 940 993 1003 est
1015 928 1157 1004 ratione

122 1044 250 1140 primae
267 1044 315 1117 ad
332 1043 541 1134 secundam,
559 1044 729 1117 nimirum
747 1041 860 1139 duplo
877 1042 1009 1114 minor.

172 1157 311 1247 Terti0,
329 1156 539 1252 incipiendo
556 1156 765 1244 maxima,
783 1177 927 1251 semper
942 1154 1062 1250 prima
1083 1177 1157 1227 ma·

120 1270 238 1365 jorem
267 1269 448 1343 rationem
476 1269 589 1342 habet
619 1267 773 1343 adeam
804 1291 886 1365 quae
910 1267 1079 1363 proprior
1104 1277 1159 1342 est

123 1383 255 1470 tertiae,
273 1407 382 1479 quam
399 1382 447 1455 ad
464 1405 545 1456 eam
561 1404 644 1477 quse
668 1381 715 1454 ab
739 1380 865 1467 melem
888 1381 1000 1453 tertio
1022 1391 1078 1454 est
1104 1404 1158 1453 re·

123 1496 276 1569 motior:
302 1507 431 1569 contra
448 1518 547 1584 vero,
564 1494 774 1591 incipiendo
791 1518 815 1567 a
837 1493 999 1583 minima,
1016 1515 1160 1589 semper

122 1609 242 1706 prima
258 1609 438 1681 minorem
454 1607 635 1682 rationem
651 1607 765 1681 habet
781 1606 828 1681 od
845 1630 927 1680 eam
943 1629 1024 1701 quae
1039 1607 1160 1679 tertiae

123 1720 291 1817 proprior
314 1732 382 1811 est,
400 1745 510 1818 quam
533 1720 582 1795 ad
604 1744 687 1795 eam
703 1744 785 1819 quae
801 1743 825 1794 a
840 1719 952 1793 tertia
968 1730 1025 1793 est
1040 1742 1159 1792 remo-

123 1833 208 1906 tior.

176 1946 330 2035 Quarto,
351 1945 559 2042 incipiendo
580 1970 604 2019 a
621 1945 790 2034 maxima,
808 1944 969 2018 rationes
991 1954 1078 2017 sunt
1100 1967 1158 2016 ex·

124 2086 291 2135 cessuum
309 2063 440 2160 quibus
456 2065 614 2158 majores
632 2072 806 2158 superant
830 2061 1006 2135 minores:
1031 2070 1161 2133 contra

124 2199 224 2264 vero,
238 2175 447 2272 incipiendo
460 2201 483 2250 a
494 2176 658 2265 minima,
672 2175 832 2250 rationes
849 2187 937 2248 sunt
950 2174 1159 2247 defectuum

126 2288 255 2385 quibus
280 2288 440 2362 minores
468 2289 644 2363 deficiunt
660 2313 683 2362 a
699 2288 952 2385 magnitudine
969 2288 1160 2382 majorum.

177 2401 330 2489 Quinto,
347 2402 441 2475 ratio
459 2403 578 2476 tertiae
596 2402 644 2476 ad
661 2402 807 2475 tertiam
826 2401 924 2500 (quae
941 2413 997 2475 est
1013 2400 1162 2496 aequali-

126 2514 199 2607 tas)
215 2514 253 2586 in
264 2515 466 2589 rationibus
479 2539 693 2591 excessuum
706 2516 826 2588 minor
839 2528 894 2588 est
906 2514 1006 2587 omui
1019 2514 1161 2587 ratione

125 2650 312 2700 excessus:
338 2639 469 2701 contra
492 2652 593 2718 ver0,
610 2628 704 2703 ratio
721 2628 938 2726 aequalitatis
961 2628 1079 2722 major
1102 2639 1160 2700 est

126 2740 226 2814 omni
260 2741 401 2815 ratione
429 2741 611 2817 delectus:
643 2743 794 2839 etquis
823 2741 917 2815 ratio
943 2741 1160 2838 aequalitatis

125 2855 311 2950 quantitas
334 2879 410 2929 non
434 2868 502 2946 est,
519 2857 589 2930 erit
605 2857 792 2952 quantitas
814 2854 966 2928 rationis
993 2853 1159 2928 defectus

126 2968 247 3041 minor
268 2967 396 3056 nihilo,
418 2979 522 3041 tauto
539 2980 676 3065 quanto
700 2967 796 3041 ratio
820 2989 989 3040 excessus
1012 2966 1081 3062 ipsi
1103 2991 1160 3040 re-

127 3078 310 3173 spondeus
326 3081 444 3175 major
456 3092 514 3154 est
530 3080 655 3154 nihilo.

179 3191 346 3287 Exempli
367 3193 507 3288 gratia:
533 3203 764 3289 exponantur
813 3213 861 3268 sl.
902 3211 950 3271 27.
992 3213 1020 3269 9.
1062 3211 1090 3267 3.
1135 3212 1160 3267 1.

127 3302 166 3375 in
186 3304 351 3398 margine
374 3303 513 3377 eaedem
539 3304 763 3401 magnitudi-
833 3304 861 3360 2.
926 3305 951 3360 ¹·
992 3305 1020 3360 0·
1066 3305 1090 3359 ¹·
1130 3303 1159 3360 2.

127 3438 192 3487 nes
209 3416 518 3511 proportionales:
536 3429 573 3492 et
590 3417 676 3514 quia
692 3416 787 3490 ratio
805 3424 847 3490 81
869 3417 917 3491 ad
933 3426 957 3490 9
975 3416 1162 3512 duplicata

128 3539 184 3600 est
200 3526 351 3601 rationis
369 3530 416 3610 27
434 3528 482 3601 ad
499 3536 535 3617 9,
554 3530 621 3603 sub
640 3537 683 3603 81
704 3541 863 3625 ponatur
888 3539 934 3613 23
961 3539 999 3601 et
1023 3528 1090 3601 sub
1112 3534 1160 3612 27

128 3652 287 3734 ponatur
309 3649 340 3728 l,
358 3664 440 3736 quae
458 3642 665 3736 significent
682 3641 905 3737 duplicatam
927 3642 1107 3715 rationem
1124 3652 1161 3716 et

127 3776 238 3824 unam
273 3753 473 3837 rationem;
508 3767 666 3849 ponatur
699 3768 822 3827 autem
856 3755 996 3851 cyphra
1028 3757 1096 3829 snb
1124 3764 1160 3845 9,

127 3879 322 3961 propterea
338 3869 436 3962 qood
453 3868 548 3940 ratio
565 3876 588 3940 9
606 3867 654 3941 ad
671 3866 890 3964 9quantitas
907 3892 982 3941 non
1000 3881 1067 3943 est.
1105 3868 1162 3942 Si-

128 3979 263 4052 militer
280 3980 347 4053 sub
371 3990 384 4052 l
405 3993 564 4076 ponatur
580 3990 616 4071 2,
635 3994 672 4055 et
689 3982 755 4054 sub
774 3991 796 4055 3
814 3993 972 4077 ponatur
993 3990 1024 4055 l.
1050 3980 1161 4055 Vides

128 4092 251 4188 itaque
278 4093 456 4166 rationem
480 4101 523 4167 81
545 4094 633 4167 ad9
657 4093 768 4189 duplo
795 4094 971 4189 majorem
998 4116 1076 4167 esse
1102 4116 1161 4167 ra-

129 4206 230 4279 tione
247 4208 294 4289 27
313 4206 361 4279 ad
377 4215 413 4296 9,
431 4206 516 4303 quia
532 4208 692 4281 rationes
718 4206 790 4281 illae
815 4217 900 4280 sunt
927 4219 970 4281 ut
994 4207 1075 4281 duae
1102 4231 1160 4282 ra-

130 4317 249 4392 tiones
279 4341 448 4394 excessns
476 4318 682 4395 adunam:
709 4319 799 4395 item
828 4318 1005 4396 rationem
1028 4329 1042 4394 1
1063 4320 1111 4395 ad
1136 4330 1160 4397 9

971 4455 1061 4508 ΓΗ
