2946 5010
132 587 199 628 GAP.
214 589 259 631 111.

121 658 264 692 ‘’W-*⁴

134 719 169 763 Dc
177 733 256 765 mna.

308 377 381 446 322
581 390 861 445 nnonunnnrn
880 386 1068 442 rnrsrcl.

308 559 408 636 Quid
425 559 523 633 enim
545 572 611 633 ant
633 559 830 648 attrahere,
857 569 923 632 aut
949 556 1134 654 impellere
1162 566 1345 629 suctorem

305 673 428 770 potuit
441 672 488 744 ad
505 672 626 747 locum
643 673 746 746 illum
763 671 862 745 unde
878 681 1059 744 retractus
1077 679 1167 759 erat,
1185 671 1215 742 si
1229 668 1344 765 cylin-

306 785 394 858 drus
409 784 539 858 iuisset
555 784 718 858 vacuus?
756 785 852 857 Nam
870 794 912 855 ut
929 784 1023 856 aeris
1036 782 1179 881 pondus
1196 781 1344 879 aliquod

304 898 345 972 id
361 899 504 972 efficere
521 899 695 996 potuerit,
712 897 846 971 falsum
866 920 945 970 esse
963 897 1051 971 satis
1066 921 1177 994 supra
1193 897 1344 970 demon·

304 1012 430 1101 stravi,
448 1011 494 1085 ab
512 1033 556 1084 eo
575 1011 673 1108 qnod
689 1035 753 1085 aer
769 1013 809 1085 in
822 1034 906 1085 aere
923 1011 1106 1105 gravitate
1119 1034 1195 1084 non
1207 1022 1342 1106 potest.

304 1123 416 1198 Nosti
431 1124 543 1197 etiam
561 1123 672 1221 quod,
689 1149 774 1198 cum
791 1148 812 1197 e
829 1123 1029 1220 recipiente
1054 1147 1176 1196 aerem
1197 1147 1343 1196 omnem

307 1238 367 1331 (ut
382 1236 444 1310 ille
460 1238 677 1334 loquuntur)
704 1238 910 1335 exugerint,
927 1249 1083 1335 possunt
1099 1249 1223 1310 tamen
1240 1249 1343 1311 trans

303 1351 439 1424 vitrum
456 1350 496 1424 id
512 1350 612 1448 quod
634 1351 733 1425 intus
753 1353 798 1425 fit
818 1351 954 1440 videre,
979 1363 1017 1425 et
1045 1374 1175 1424 sonum
1204 1351 1236 1424 si
1261 1351 1343 1447 quis

303 1462 369 1536 fiat
386 1462 475 1537 inde
491 1463 630 1537 audire.
675 1463 720 1538 ld
737 1464 837 1561 quod
854 1465 983 1553 solum,
1001 1465 1071 1537 etsi
1085 1464 1226 1537 nrdlum
1243 1464 1343 1538 aliud

304 1588 562 1672 argumentum
579 1587 676 1650 esset
696 1577 798 1672 (sunt
815 1589 940 1651 autem
956 1578 1102 1672 multa),
1121 1577 1169 1651 ad
1185 1577 1343 1673 proban-

305 1687 393 1762 dum
422 1690 564 1763 nullum
591 1712 670 1764 esse
700 1692 740 1764 in
773 1691 974 1787 recipiente
1007 1715 1165 1764 vacnum
1197 1689 1343 1763 abunde

304 1802 449 1876 sufficit.

354 1920 405 1994 Α.
432 1918 490 1993 Ad
507 1919 597 1992 illud
619 1931 756 2008 autem,
784 1919 884 2017 quod
912 1921 943 1993 si
964 1920 1086 1992 vesica
1114 1918 1342 2015 aliquatenus

303 2032 431 2107 inflata
447 2032 485 2104 in
503 2032 703 2128 recipiente
719 2033 940 2122 includatur,
957 2032 1067 2129 paulo
1091 2041 1176 2126 post
1198 2055 1264 2127 per
1281 2057 1343 2104 ex-

303 2145 490 2218 uctionem
506 2144 601 2218 aeris
618 2145 769 2219 inflatur
785 2145 1037 2218 vehementius
1054 2155 1092 2216 et
1109 2143 1343 2240 dirumpitur,

304 2257 393 2353 quid
410 2257 634 2355 respondes?

353 2370 404 2443 Α.
430 2370 558 2445 Motus
575 2370 734 2466 partium
751 2372 845 2445 aeris
862 2370 1104 2467 undequaque
1122 2393 1343 2443 concurren-

302 2482 395 2556 tium
410 2483 669 2573 velocissimus,
688 2495 725 2558 et
743 2508 808 2580 per
825 2507 1044 2557 concursum
1063 2483 1101 2554 in
1118 2482 1244 2577 spatiis
1261 2485 1344 2556 bre-

302 2597 458 2668 vissimis
472 2620 696 2691 numeroque
715 2596 866 2670 infinitis
884 2597 1094 2693 gyrationes
1108 2596 1343 2671 velocissimae

304 2709 462 2781 vesicam
480 2710 518 2779 in
535 2709 624 2780 locis
640 2710 964 2783 innumerabilibus
980 2710 1085 2782 simul
1103 2723 1141 2782 et
1157 2711 1192 2782 vi
1210 2735 1344 2806 magna

303 2821 420 2892 instar
442 2821 595 2893 totidem
614 2823 842 2895 terebrarum
865 2824 1070 2919 penetrat&
1090 2826 1295 2918 praesertim
1312 2825 1343 2896 si

303 2934 425 3006 vesica
442 2947 639 3030 antequam
651 2935 883 3024 immittatur,
895 2961 966 3031 quo
980 2937 1096 3031 magis
1107 2939 1265 3026 resistat,
1277 2939 1344 3010 ali-

304 3059 483 3142 quatenus
494 3049 622 3120 inflata
633 3049 691 3121 sit.
727 3050 922 3144 Postquam
939 3061 1343 3145 autemaerpenetrans

303 3161 415 3233 semel
433 3161 615 3256 ingressus
634 3175 701 3249 est,
718 3161 824 3234 facile
842 3163 1005 3258 cogitare
1019 3177 1124 3258 potes
1143 3188 1215 3259 quo
1232 3176 1343 3259 pacto

304 3274 475 3370 deinceps
488 3275 646 3347 vesicam
657 3276 785 3347 tendet
799 3290 837 3348 et
855 3276 1004 3348 tandem
1018 3288 1174 3371 rumpet.
1206 3278 1343 3349 Verum

304 3390 334 3460 si
351 3400 547 3483 antequam
561 3402 764 3483 rumpatur,
776 3414 881 3461 versa
895 3389 1082 3478 clavicula,
1094 3414 1157 3461 aer
1170 3402 1343 3462 externus

304 3501 532 3588 admittatur,
554 3502 694 3574 videbis
712 3502 880 3589 vesicam,
903 3513 1052 3597 propter
1074 3504 1343 3576 vehementiam

304 3626 425 3685 motus
443 3626 693 3709 temperatam,
713 3615 892 3686 diminuta
914 3615 1081 3687 tensione
1104 3618 1340 3712 rugosiorem.

305 3726 402 3799 Nam
421 3726 458 3799 id
473 3751 617 3822 quoqne
635 3729 869 3800 observatum
886 3740 954 3800 est.
990 3729 1073 3801 Jam
1091 3730 1121 3801 si
1138 3731 1217 3802 baec
1233 3754 1341 3825 quam

306 3838 381 3912 dixi
400 3865 520 3929 causa,
539 3841 659 3912 minus
676 3841 745 3912 tibi
763 3841 929 3913 videatur
946 3842 1171 3914 verisimilis:
1194 3842 1276 3913 vide
1294 3868 1341 3914 an

305 3962 358 4040 tu,
377 3964 441 4024 aut
458 3953 549 4026 alius
566 3955 772 4050 quicunque
791 3954 984 4049 imaginari
997 3966 1129 4049 potest,
1148 3980 1219 4050 quo
1233 3966 1341 4050 pacto

304 4065 426 4137 vesica
449 4065 607 4139 distendi
631 4078 667 4139 et
690 4067 811 4162 rumpi
833 4068 948 4161 possit
971 4068 1147 4140 aviribus
1168 4069 1285 4156 vacui,
1303 4068 1341 4139 id

305 4189 372 4266 est,
390 4179 507 4250 nihili.

614 4392 787 4451 *sienne
808 4396 1027 4452 16620t1668.
1114 4378 1117 4381 ‘
