2946 5010
361 430 678 486 ueterrimos
699 427 943 498 nonrnnnn.
1121 406 1168 485 79

123 596 281 657 διπλασίονι
294 598 438 675 ἀναλογίᾳ
453 595 502 662 ἕως
515 593 547 655 orl
561 597 577 653 ὁ
590 595 700 673 σύμπας
712 601 817 670 πρῶτος
830 595 957 666 γένηται,
971 593 1017 651 rol
1031 594 1046 652 ὁ
1060 592 1170 670 σύμπας
1206 611 1357 654 υῐλιοαυε

1268 693 1301 733 11.

122 705 166 764 iti
179 704 230 763 τὸν
242 703 362 782 ἔσχατον
374 698 655 768 πολλαπλασιασθεὶς
676 704 742 770 ποιῇ
760 695 832 769 τίνα,
859 700 1044 774 ὁγενόμενος
1067 700 1170 763 τέλειος
1208 760 1351 798 ψ

121 833 206 870 Μαί·

173 915 221 989 Α.
251 913 352 989 Quid
374 912 559 1009 significat
584 911 756 984 hocloco
778 924 809 982 έν
822 919 966 998 ἀναλογίᾳ
985 910 1171 982 truncatam?

122 1029 259 1103 Nonne
276 1026 460 1123 significat
487 1025 767 1123 proportionem
792 1026 868 1100 sive
896 1024 1173 1100 similitudinem

122 1142 310 1215 rationum
328 1163 411 1236 quae
437 1139 601 1213 cernitur
627 1137 667 1210 in
690 1138 853 1212 numeris
870 1139 916 1212 ab
936 1137 1092 1212 Euclide
1110 1160 1173 1210 ex-

121 1253 267 1350 positis
284 1252 459 1325 nimirum
478 1251 548 1341 his,
571 1259 602 1340 l,
620 1259 657 1340 2,
675 1259 711 1339 4,
730 1258 766 1341 8,
790 1261 847 1343 16,
866 1263 956 1326 etc:
984 1251 1173 1347 inquibus

124 1389 299 1440 numerus
315 1365 499 1462 posterior
513 1362 646 1460 prioris
664 1387 808 1461 semper
821 1378 877 1439 est
891 1364 1049 1461 duplus?
1076 1363 1174 1437 Nam

123 1479 156 1554 si
178 1479 392 1553 dotatione
415 1478 494 1575 ipss
518 1477 707 1573 duplicata
733 1478 1011 1574 intelligeretur,
1030 1479 1175 1551 numeri

128 1601 217 1683 1‚2‚
235 1601 273 1682 4,
292 1599 328 1682 8,
347 1599 403 1681 16,
421 1603 505 1680 etc,
522 1614 599 1663 non
626 1591 742 1687 magis
774 1592 922 1666 dicendi
951 1601 1072 1665 essent
1095 1615 1174 1664 esse

124 1720 157 1779 ἐν
168 1717 315 1798 ἀναλογίᾳ
330 1716 494 1787 διπλασίονι,
513 1727 624 1799 qllam
640 1713 670 1792 l,
687 1713 722 1794 3,
733 1713 770 1794 9,
783 1709 845 1794 27,
858 1714 901 1779 81
907 1762 918 1795 ,
933 1717 1002 1779 ele.
1045 1704 1174 1801 ltaque

124 1816 331 1916 propositio
364 1816 445 1890 haec
478 1816 643 1889 Euclidis
677 1816 723 1889 de
753 1842 907 1891 numero
932 1819 1109 1915 perfecto,
1135 1818 1175 1891 in

125 1930 229 2007 omni
272 1928 527 2026 progressione
564 1929 789 2024 geometrica
824 1954 898 2002 non
933 1930 1054 2002 minus
1087 1954 1176 2004 vera

124 2057 238 2134 esset,
252 2067 366 2140 qnam
382 2043 421 2115 in
437 2042 694 2139 progressione
710 2042 780 2116 hac
798 2067 864 2139 per
878 2043 1176 2139 duplicationem.

125 2158 289 2233 Necesse
319 2178 408 2253 ergo
443 2166 572 2228 estut
601 2179 692 2229 voce
723 2156 793 2229 hac
823 2168 978 2227 διπλασίων
1008 2180 1095 2229 usus
1129 2156 1178 2229 sit

126 2269 301 2348 Euclides
325 2292 393 2366 pro
422 2267 608 2364 duplicato
639 2293 805 2358 numero,
824 2269 948 2360 idest,
966 2294 1033 2366 pro
1052 2270 1176 2366 duplo,

126 2409 204 2461 non
232 2407 302 2482 pro
332 2381 519 2478 duplicata
547 2382 702 2456 ratione.
767 2383 888 2479 Igitur
917 2384 1011 2457 ratio
1039 2391 1053 2456 l
1081 2383 1174 2457 sd2

127 2522 202 2575 non
222 2509 281 2572 est
298 2494 479 2592 subdupla
496 2495 605 2584 ratio,
620 2496 685 2569 sed
702 2497 796 2570 ratio
810 2497 931 2595 simpli
945 2496 993 2571 od
1010 2496 1174 2592 duplum,

127 2610 205 2687 sire
235 2608 396 2684 semissis
423 2607 472 2683 od
498 2608 707 2705 integrum;
742 2634 862 2706 neque
891 2612 1047 2700 inverse,
1082 2611 1176 2684 ratio

128 2723 220 2799 2ed
241 2730 331 2797 lest
348 2720 443 2795 ratio
462 2720 585 2817 dupla,
605 2721 671 2795 sed
688 2722 782 2796 ratio
801 2724 904 2820 dupli
921 2724 970 2798 od
993 2725 1176 2822 simplum,

129 2837 207 2913 sive
225 2835 362 2933 integri
378 2834 427 2908 ad
443 2834 643 2908 semissem.

179 2947 228 3022 B.
255 2948 439 3022 Accnrate
456 2947 548 3021 haec.
601 2961 764 3021 Διιλασίων
782 2973 870 3047 ergo
889 2950 987 3024 idem
1004 2951 1177 3048 estquod

130 3063 278 3161 duplus,
301 3074 344 3136 ut
371 3061 469 3159 apud
494 3062 685 3136 Euclidem
708 3064 827 3159 ipsum
852 3064 983 3157 (Elem.
1002 3065 1053 3138 iii.
1071 3088 1176 3160 prop.

131 3177 212 3270 20).
251 3174 371 3250 Voces
388 3184 514 3248 autem
529 3174 747 3274 subduplus,
758 3176 975 3275 subtriplus,
994 3189 1078 3265 etc,
1092 3177 1176 3249 bar-

131 3290 232 3364 barae
250 3300 350 3376 sunt,
367 3300 405 3362 et
428 3288 474 3361 ab
502 3288 547 3362 iis
573 3288 746 3379 inventae,
765 3291 840 3386 qui,
857 3314 941 3364 cum
959 3291 998 3364 in
1016 3289 1178 3362 tenebris

132 3410 379 3490 versarentur,
397 3400 595 3497 cupiebant
624 3424 773 3498 quoquo
797 3415 950 3500 possent
972 3402 1081 3475 modo
1099 3424 1179 3475 sese

131 3537 362 3613 promovere.
398 3511 603 3589 Ostendisti
611 3516 690 3610 jam
704 3528 860 3590 διπλασίων
876 3516 976 3613 npnd
989 3515 1179 3590 Euclidem

133 3626 343 3722 significare
376 3627 416 3701 in
450 3626 612 3700 numeris
646 3627 809 3725 duplum.
868 3629 1032 3705 Ostende
1066 3627 1179 3701 etiam

132 3739 235 3837 quod
251 3739 438 3838 significat
461 3738 560 3834 apud
587 3740 745 3814 eundem
771 3742 810 3815 in
837 3742 1040 3818 rationibus
1059 3739 1179 3835 dupli-

131 3863 270 3931 ortum.

182 3965 230 4040 A.
257 3965 356 4038 Ecce
378 3963 417 4037 in
439 3963 651 4039 definitione
674 3967 856 4040 Elementi
882 3967 1000 4063 quinti
1024 3966 1178 4057 decima,

132 4078 186 4154 Ele
213 4078 308 4152 dicit
332 4076 528 4151 Euclides:
565 4091 632 4149 ὅταν
659 4089 687 4150 δὲ
713 4095 776 4170 τρία
805 4090 912 4170 μεγέθη
934 4093 1079 4168 ἀνάλογον
1102 4092 1128 4166 ἦ,
1150 4095 1181 4154 τὸ

132 4202 240 4271 πρῶτον
253 4190 323 4270 πρὸς
337 4193 368 4249 τὸ
382 4196 476 4268 τρίτον
490 4189 656 4250 διπλασίονα
670 4193 758 4266 λόγον
772 4191 847 4270 ἔχειν
859 4195 978 4268 λέγεται,
993 4191 1059 4272 ἤπερ
1072 4196 1139 4272 πρὸς
1151 4197 1181 4254 τὰ

134 4306 275 4388 torm:
299 4295 365 4370 ubi
394 4296 573 4370 rationem
596 4296 732 4371 rationi
757 4297 826 4371 sibi
853 4298 986 4395 aequsli
1006 4299 1180 4385 additam,
