2946 5010
478 430 813 484 onounrnasum.
1094 419 1165 485 431

124 593 279 690 proinde
313 593 426 667 habet
460 593 719 690 quantitatem.
785 595 870 667 Jem
902 594 1005 692 quod
1039 597 1171 693 quaerit
1204 624 1362 667 11111111.

127 706 286 794 Clavius,
300 705 484 802 quomodo
496 705 626 802 positis
645 705 775 780 ordine
787 717 823 796 4,
838 717 873 796 4,
885 717 922 796 4,
934 709 1029 783 ratio
1042 710 1171 806 primae
1200 695 1360 815 W

125 819 173 893 ad
208 819 355 892 tertiam
386 818 499 915 dupla
528 842 606 892 csse
634 830 757 916 potest
786 819 940 895 rationis
968 821 1095 916 primae
1123 823 1172 896 ed
1199 822 1369 931 222⁸?ng

127 933 339 1022 secundam,
373 933 472 1006 idem
507 943 636 1006 estse
670 932 701 1006 si
735 933 952 1029 quaesiisset,
987 935 1172 1030 quomodo

126 1047 257 1145 positis
276 1047 394 1119 tribus
412 1046 512 1119 cifris
530 1053 567 1135 0,
586 1053 622 1134 0,
640 1053 676 1134 0,
695 1046 788 1120 11111
812 1047 941 1144 primae
957 1047 1006 1120 ad
1022 1049 1172 1122 tertiam

126 1172 250 1258 potest
282 1182 362 1234 esse
394 1159 507 1256 dupla
533 1159 687 1233 rationis
716 1161 846 1255 primae
873 1159 922 1233 ad
951 1161 1171 1236 secundam:

127 1298 212 1348 curn
228 1297 359 1347 revera
375 1285 413 1347 et
428 1274 577 1369 proprie
602 1272 800 1368 loquendo,
823 1296 940 1346 unum
966 1274 1059 1349 nihil
1085 1276 1174 1351 olte-

127 1388 204 1462 rius
217 1386 310 1460 nihil
328 1410 447 1484 neque
465 1386 617 1483 duplum
635 1410 754 1482 neque
772 1386 1000 1483 duplicatum
1017 1399 1084 1462 est.

178 1501 318 1573 Rursus
337 1499 499 1589 Clarius,
513 1499 561 1572 ad
578 1501 690 1572 finem
707 1500 825 1572 Elem.
842 1500 892 1584 ix,
909 1512 952 1572 ut
968 1501 1101 1597 probet
1118 1526 1172 1575 ra·

127 1614 267 1687 tionem
288 1612 513 1709 duplicatam
539 1636 615 1685 non
641 1635 720 1685 esse
743 1613 924 1686 rationem
942 1612 1102 1710 duplam,
1120 1616 1173 1688 sic

128 1726 276 1799 scribit:
303 1731 326 1765 “
343 1726 525 1821 imprimis
547 1726 663 1820 igitur
690 1726 995 1822 compositionem
1016 1750 1174 1824 propor-

129 1840 309 1927 tionum,'’
330 1838 533 1932 (vocabulis
556 1839 655 1912 enim
682 1839 778 1912 ratio
795 1852 834 1911 et
850 1841 1042 1936 proportio
1066 1839 1174 1912 aliter

130 1976 240 2048 quam
250 1952 421 2025 Euclides
438 1951 644 2048 promiscue
659 1951 806 2044 utitur),
823 1957 845 1988 “
859 1951 905 2024 de
918 1975 990 2048 qua
1002 1951 1173 2025 Euclides

129 2065 207 2160 agit
224 2064 305 2137 Dei.
326 2073 381 2153 10,
399 2064 462 2136 lib.
482 2088 517 2150 v,
531 2076 616 2149 eto,
635 2076 673 2138 et
700 2064 738 2137 in
770 2064 1082 2160 propositionibus
1108 2065 1175 2138 du-

130 2176 317 2273 plicatum,
335 2176 570 2273 triplicatam,
585 2190 624 2251 et
641 2178 882 2273 compositam
899 2178 1173 2274 proportionem

131 2287 177 2362 de
208 2290 523 2384 magnitudinibus
547 2289 607 2363 vel
633 2289 797 2363 numeris
827 2289 1065 2381 demonstrat,
1090 2291 1173 2364 dico

130 2425 205 2475 non
224 2425 302 2476 esse
320 2424 405 2475 vere
422 2401 649 2475 additionem
666 2402 958 2499 proportionum,
975 2403 1030 2478 ita
1045 2417 1090 2477 ot
1107 2404 1174 2478 du-

130 2514 267 2611 plicata
283 2515 342 2588 vel
366 2513 553 2611 triplicato
569 2515 760 2611 proportio
787 2516 835 2589 sit
852 2516 964 2613 duplo
980 2529 1046 2591 aut
1062 2517 1174 2614 triplo

131 2629 249 2725 major
265 2651 309 2700 ea
331 2627 571 2726 proportione
598 2628 702 2724 cujus
729 2628 793 2702 illa
818 2629 954 2704 dicitur
977 2630 1174 2728 duplicate,

131 2742 383 2838 triplicatsve3
408 2741 497 2816 item
511 2753 554 2815 ut
570 2742 761 2838 proportio
778 2767 825 2816 ex
841 2743 1007 2842 pluribus
1023 2769 1176 2842 propor-

130 2854 293 2929 tionibus
310 2854 515 2951 oomposite
541 2855 590 2928 sit
608 2878 694 2928 vere
711 2867 834 2930 totum
852 2859 1052 2955 quippiam,
1070 2861 1174 2956 cujus

129 2981 254 3066 partes
272 2979 358 3042 sunt
373 2967 634 3064 proportiones
651 2992 697 3041 ex
714 2969 846 3064 quibus
863 2969 999 3044 dicitur
1026 2995 1175 3069 compo-

132 3081 213 3155 sita.
265 3081 375 3171 Nam,
394 3094 466 3154 etc.
518 3080 558 3154 Si
583 3081 712 3176 positis
734 3082 793 3155 bis
816 3083 982 3157 terminis
1000 3083 1174 3158 continue

131 3193 478 3288 proportionalibus,
514 3202 545 3266 1.
576 3200 737 3281 10100,
767 3194 959 3290 proportio
992 3194 1174 3269 1111100

131 3327 206 3378 non
224 3304 342 3378 solum
356 3303 544 3400 duplicate
557 3303 741 3378 diceretur
757 3306 1006 3403 proportionis
1022 3316 1035 3380 l
1054 3305 1102 3380 ad
1117 3315 1173 3397 10,

132 3417 197 3490 sed
224 3440 310 3489 vere
340 3429 436 3490 esset
462 3415 574 3512 duplo
602 3416 731 3510 major,
757 3429 842 3506 etc,
869 3418 950 3515 quis
975 3443 1051 3493 non
1073 3419 1175 3495 videt

131 3543 275 3628 partem
292 3552 371 3603 esse
388 3529 564 3625 majorem
582 3538 663 3602 toto
676 3527 711 3601 ?'’

182 3642 400 3740 Respondeo
417 3643 537 3739 primo
553 3665 629 3714 non
645 3640 764 3716 videri
784 3642 874 3717 mihi
900 3656 1002 3717 recte
1018 3644 1174 3736 illatum,

132 3781 178 3831 ex
195 3755 355 3853 eoquod
375 3765 404 3829 1.
422 3763 479 3830 10.
496 3763 565 3831 100
579 3766 665 3829 sunt
683 3756 856 3831 continue
869 3758 1174 3853 proportionales,

131 3882 170 3945 et
188 3894 232 3944 ex
250 3895 295 3944 eo
313 3869 413 3967 quod
429 3870 524 3943 ratio
546 3879 561 3944 1
583 3868 631 3942 ad
653 3877 697 3944 10
715 3870 833 3966 major
857 3871 906 3944 sit
925 3871 1067 3946 ratione
1090 3882 1104 3946 l
1126 3872 1176 3946 od

137 3993 219 4071 100,
237 3993 379 4079 partem
397 4006 475 4056 esse
492 3984 669 4079 majorem
686 3994 778 4058 toto.

184 4095 366 4185 Secundo,
378 4097 409 4170 si
426 4096 541 4169 illatio
559 4096 723 4191 legitima
740 4096 801 4187 sit,
813 4119 963 4171 necesse
980 4108 1176 4195 111111111-

133 4236 244 4310 quam
256 4209 415 4284 absurda
428 4209 489 4299 sit,
500 4209 548 4283 sit
563 4221 686 4283 tamen
698 4233 797 4284 vera
825 4210 923 4285 Nam
934 4210 1014 4308 ipse
1027 4212 1174 4287 Clarius

132 4339 329 4423 utrumqne
346 4325 516 4415 affirmet,
535 4346 605 4398 neo
622 4323 816 4423 quisquam
834 4336 958 4423 negot,
975 4349 1120 4426 nempe,
1135 4337 1176 4400 et
