2946 5010
300 398 368 469 184
510 412 779 478 ιιιιιιιιιιιτιο
798 413 852 466 ιιι
869 413 1118 468 uununnmo

108 606 258 649 arenosus
296 578 476 653 rationum
504 578 729 679 subtriplum
758 581 813 654 ita
847 582 1016 656 corstinuo
1056 581 1252 671 minuatur,
1290 592 1333 656 ut

111 688 252 793 ,ᾖ
295 692 447 767 tandem
463 693 587 791 quouis
606 693 834 793 assignabili
852 695 970 768 minor
986 695 1133 785 modat,
1150 703 1190 768 ut
1197 703 1333 793 patet:

294 805 333 878 ci
349 805 387 879 in
406 806 585 902 infinitum
596 809 843 906 procedatur,
854 832 1018 907 prorsus
1034 809 1247 883 evanituruc
1264 815 1332 881 est.

297 917 488 1017 Adeoque,
513 920 549 992 si
574 921 673 1017 (quae
690 934 747 994 est
770 921 971 1018 propositio
987 922 1065 1016 xxi)
1093 931 1332 1020 proponatur

295 1031 414 1105 series
435 1032 579 1128 irpinita
609 1035 857 1132 quantitatum
886 1035 925 1108 in
963 1035 1159 1135 duplicata
1187 1035 1333 1108 ratione

297 1144 529 1219 arithmetice
567 1146 912 1245 proportionalium,
953 1147 1032 1221 aiae
1055 1149 1172 1244 juata
1201 1147 1333 1220 scriem

297 1281 526 1332 numerorum
546 1258 862 1356 quadraticorum,
890 1260 1058 1333 continue
1083 1260 1332 1350 crescentium,

298 1394 324 1443 a
343 1380 486 1469 puncto
507 1370 587 1444 siae
602 1373 626 1445 0
643 1370 925 1456 inchoatarum
950 1373 1026 1446 erit
1041 1371 1109 1447 illa
1126 1374 1181 1448 ad
1200 1373 1333 1446 scriem

297 1481 451 1556 totidem
467 1482 633 1557 maxima
649 1482 853 1581 equalium,
872 1493 913 1558 ut
934 1492 948 1557 1
971 1485 1027 1559 ad
1049 1495 1086 1560 3.

347 1595 396 1669 Β.
447 1595 602 1670 Videtur
617 1619 705 1670 sane
722 1620 911 1670 excessum
927 1597 1092 1688 rationis,
1108 1598 1139 1672 si
1155 1609 1332 1695 perpetuo

298 1710 497 1798 minuatur,
512 1708 645 1782 debere
665 1708 815 1783 tandem
837 1733 1074 1795 evanescere;
1100 1711 1229 1785 saltem
1255 1721 1332 1784 tam

297 1824 470 1920 exiguum
496 1846 585 1913 esse,
612 1832 655 1896 ιιι
681 1823 816 1896 nullius
842 1822 993 1897 deberet
1018 1847 1098 1898 esse
1125 1824 1332 1898 considera-

297 1936 420 2012 tionis.
487 1935 616 2034 Itaque
648 1947 824 2033 pereunte
853 1960 1004 2011 excessu
1033 1938 1186 2012 rationis
1223 1962 1334 2035 supra

298 2050 526 2147 subtriplum,
543 2049 770 2147 relinquetur
786 2050 937 2146 praecise
954 2051 1143 2147 subtripla.

347 2162 397 2238 A.
424 2163 482 2237 Ita
514 2173 626 2252 certe,
656 2161 728 2236 nisi
760 2185 835 2235 una
864 2174 1071 2238 crescerent
1108 2163 1333 2261 quantitates

212 2396 215 2403 Ι
297 2300 531 2387 comparatae.
591 2287 685 2362 Vide
718 2288 849 2362 seriem
881 2289 1039 2386 primam
1068 2273 1148 2389 ζ’-Ξ-ζ.
1200 2290 1333 2362 Nonne

297 2407 474 2502 majorem
508 2406 689 2479 rationem
730 2406 841 2480 babet
870 2414 972 2480 041
1001 2406 1049 2479 ad
1079 2415 1187 2496 141,
1223 2430 1333 2502 quam

303 2518 380 2592 lad
395 2527 430 2608 3,
448 2517 486 2592 id
503 2529 570 2605 est,
590 2542 699 2614 quam
716 2519 811 2593 ratio
828 2517 1032 2615 subtripla?

350 2632 397 2704 B.
424 2633 482 2705 lta
499 2631 658 2727 quidem,
676 2631 740 2704 sed
765 2642 817 2722 ut,
836 2632 962 2706 addita
978 2630 1026 2705 ad
1050 2642 1332 2726 consequentem

296 2745 452 2833 unitate,
470 2755 565 2818 esset
583 2746 771 2843 subtripla.

349 2871 396 2942 Α.
425 2870 578 2961 Deinde,
590 2870 672 2943 vide
686 2873 815 2944 seriem
829 2870 1025 2944 secundam
1041 2853 1171 2967 {ss-ffl.
1199 2868 1332 2942 Nonne

298 2987 391 3061 ratio
410 2987 516 3060 seriei
538 2988 735 3060 crescentis
751 2996 771 3060 5
790 2987 838 3060 ad
859 2987 988 3060 seriem
1013 2987 1252 3059 maximarum
1276 2995 1332 3073 ln,

297 3103 415 3197 major
431 3112 488 3172 est
505 3124 614 3196 quam
632 3099 837 3196 subtripla?
855 3100 859 3110 '

347 3213 395 3287 B.
421 3214 554 3286 Etiam.
591 3214 650 3286 lta
668 3236 752 3285 vero
769 3224 824 3302 ut,
842 3210 967 3284 addito
984 3211 1032 3284 ad
1049 3222 1334 3308 consequentem

297 3350 450 3400 numero
469 3336 503 3415 3,
521 3327 586 3399 fiat
604 3324 792 3420 subtripla.

348 3441 397 3514 A.
424 3439 662 3513 Manifestum
680 3461 768 3535 ergo
786 3448 853 3527 est,
872 3436 902 3509 si
919 3437 1141 3532 procedatur
1158 3436 1196 3509 in
1214 3437 1335 3510 infini-

297 3565 388 3642 tum,
407 3574 579 3624 numerus
596 3551 839 3623 crescentium
857 3550 974 3644 major
991 3549 1062 3622 erit
1079 3572 1232 3622 numero
1250 3550 1335 3622 sub-

297 3667 408 3763 triplo
422 3664 683 3748 maximarum
701 3663 843 3757 eritque
855 3685 1024 3735 excessus
1037 3685 1209 3735 numerus
1221 3664 1336 3757 major

299 3804 408 3876 quam
424 3792 467 3852 ut
483 3778 599 3875 possit
617 3776 701 3849 dici.
751 3776 912 3848 Tantum
939 3775 1043 3849 abest
1065 3787 1107 3848 nt
1127 3776 1237 3847 series
1258 3796 1336 3845 cre-

299 3893 492 3977 scentium,
509 3889 742 3988 quantumvis
759 3888 1004 3985 procedendo,
1023 3889 1138 3985 possit
1156 3912 1234 3962 esse
1251 3886 1335 3959 sub·

298 4006 408 4101 tripla
425 4005 532 4078 seriei
550 4004 801 4076 maximarum.

349 4118 398 4190 B.
426 4119 538 4190 Error
555 4128 610 4190 est
627 4115 954 4189 manifestissimus.

348 4229 393 4302 A.
422 4233 476 4303 Ex
504 4229 752 4327 propositione
782 4229 850 4301 hac
878 4228 1086 4327 dependent
1118 4248 1192 4298 non
1226 4223 1336 4295 modo

297 4369 424 4418 omnes
453 4354 645 4440 sequentes
672 4365 787 4437 usque
819 4342 866 4416 ad
895 4351 954 4433 39,
979 4341 1044 4415 sed
1071 4340 1179 4413 etiam
1210 4360 1336 4411 omnes
