2946 5010
451 399 786 456 oroun‘rnuauu.
1065 384 1138 452 425

100 571 279 645 rationem
306 570 465 660 unicam,
494 584 533 645 et
562 571 744 645 rationem
762 581 784 646 5
803 569 851 643 ad
877 578 892 643 l
922 593 1000 643 esse
1030 570 1141 642 etiam
1174 594 1243 638 mr.
1258 595 1325 637 1111.

100 687 248 758 unicam
266 696 304 756 et
322 683 390 780 ipsi
408 685 611 780 aeqnalem;
630 685 864 757 strationem
878 692 924 756 25
941 682 989 757 ad
1012 693 1025 756 1
1045 706 1143 755 com·
1172 665 1325 770 M]

101 797 190 895 poni
220 821 264 869 ex
293 796 363 869 illis
391 798 593 871 rationibus
620 797 761 870 duabus
779 797 989 894 aequalibns.
1044 795 1144 871 Quid
1171 789 1264 836 ⁰⁸¹⁰¹¹¹⁰·

105 910 203 986 aliud
222 933 309 1005 ergo
328 922 440 1005 negat
457 910 615 998 Clusino,
635 910 705 983 nisi
728 912 909 984 rationem
936 933 981 982 ex
1004 909 1146 983 duabus

103 1023 307 1096 rationibus
324 1024 526 1120 aequalibus
544 1025 782 1119 compositam
797 1023 1023 1097 constituere
1037 1023 1147 1096 unius

104 1162 230 1211 earum
266 1136 438 1232 duplam?
491 1137 566 1210 Cur
599 1151 722 1210 autem
756 1136 827 1209 hoo
860 1135 997 1232 negat?
1050 1135 1148 1211 Quia

105 1273 279 1324 uumerus
297 1260 344 1323 25
364 1249 507 1323 numeri
527 1260 547 1323 5
563 1264 619 1323 est
633 1249 847 1346 quintuplus
863 1274 872 1320 ε
900 1248 1040 1322 seilicet
1057 1249 1149 1322 obli-

104 1378 164 1438 tus
182 1363 410 1460 quaestionis,
428 1387 510 1460 quae
529 1386 603 1436 non
624 1362 830 1436 instituitur
856 1361 902 1435 de
920 1386 1071 1435 numero
1090 1361 1148 1435 vel

105 1476 359 1573 magnitudine
377 1475 499 1571 aliqua
517 1476 696 1562 absoluto,
715 1500 797 1574 quae
814 1476 862 1549 sit
879 1475 1029 1548 alterius
1042 1476 1149 1572 quin-

106 1591 221 1687 tupla‚
240 1589 305 1662 sed
323 1588 369 1661 de
387 1588 529 1660 ratione
547 1613 629 1684 quae
647 1601 703 1661 est
720 1589 935 1683 magnitudo
959 1611 1150 1684 compara·

54 1772 57 1778 s
106 1705 205 1786 tiva;
233 1703 356 1798 itaque
373 1701 554 1774 rationem
571 1701 719 1774 unicam
736 1711 784 1776 25
810 1700 857 1774 ad
877 1711 897 1774 5
922 1702 1150 1797 computavit

107 1839 175 1912 pro
194 1815 355 1909 quinque
373 1814 588 1887 rationibus.
629 1813 747 1887 Natus
766 1826 823 1887 est
841 1836 943 1886 error
964 1813 1091 1904 Clarii,
1103 1837 1150 1887 ex

109 1952 152 2000 eo
170 1927 268 2024 quod
285 1925 395 2021 vulgo
412 1926 511 2022 apud
529 1926 809 2000 mathematicos
832 1927 1034 2001 vocabatur
1055 1927 1150 2001 ratio

111 2040 295 2137 quintupli
312 2040 359 2112 ad
376 2038 546 2135 simplum
573 2040 766 2136 quintupla
788 2040 894 2128 ratio,
916 2050 954 2112 et
971 2041 1065 2113 ratio
1083 2039 1151 2114 du·

111 2154 162 2249 pli
198 2153 245 2227 ad
280 2152 450 2248 simplum
483 2152 541 2246 (ut
569 2152 685 2226 Elem.
716 2153 765 2225 ix.
796 2154 904 2249 Prop.
938 2153 1021 2247 ult.)
1054 2155 1150 2228 ratio

111 2267 233 2363 dupla,
260 2264 427 2361 imperite
458 2275 496 2338 et
520 2264 628 2338 falso:
655 2289 741 2338 nam
771 2266 866 2340 ratio
893 2276 915 2340 2
946 2265 994 2339 ad
1028 2275 1040 2339 l
1075 2291 1152 2341 non

112 2394 168 2453 est
210 2380 304 2451 ratio
348 2378 471 2474 dupla,
510 2378 575 2452 sed
612 2379 754 2476 simpla,
791 2403 922 2476 nempe
959 2379 1061 2475 dupli
1105 2378 1155 2454 ad

112 2492 294 2589 simplum.
347 2491 476 2588 Neque
494 2492 691 2588 quicquam
708 2493 806 2566 valet
824 2481 930 2589 quod
941 2492 1155 2567 illustratio·

112 2609 168 2679 nis
187 2629 296 2678 causa
322 2604 522 2701 subjungit,
550 2606 856 2702 quemadmodum
874 2607 985 2679 etiam
1002 2630 1155 2703 propor-

112 2720 164 2792 tio
182 2718 332 2815 octupla
348 2717 460 2814 dupla
477 2729 532 2791 est
549 2718 796 2815 proportionis
814 2719 1049 2815 quadruplae:
1069 2744 1156 2793 cum

114 2845 237 2906 tamen
268 2831 481 2930 quadruplae
508 2832 695 2929 duplicata
722 2833 769 2906 sit
797 2833 1003 2930 sedecupla‚
1026 2845 1067 2908 ut
1093 2834 1154 2909 hio

113 2958 215 3041 patet
238 2954 444 3018 16-4-1.
496 2945 654 3019 Difficile
682 2957 864 3042 conceptu
893 2957 949 3020 est
968 2948 1154 3043 quomodo

114 3059 265 3155 octupla
281 3059 470 3154 proportio
484 3060 602 3156 magis
620 3060 668 3132 sit
682 3058 894 3155 quadruplae
907 3059 1030 3155 dupla,
1044 3085 1155 3156 quam

114 3171 337 3267 octuplicata
350 3172 397 3243 sit
408 3170 695 3267 quadruplicatae
706 3170 903 3266 duplicata.
931 3171 1020 3244 Esto
1031 3186 1154 3246 autem

115 3282 264 3378 octupla
280 3284 470 3378 proportio
490 3282 705 3378 quadruplae
727 3283 850 3377 dupla.
904 3283 1005 3357 Quid
1035 3284 1155 3379 sequi-

116 3394 203 3468 tur?
256 3395 402 3481 Nonne,
424 3395 734 3491 quemadmodum
765 3395 804 3467 in
831 3395 888 3468 his
918 3396 1079 3469 numeris
1111 3406 1155 3471 16

115 3509 277 3582 unitates
301 3507 422 3604 duplae
450 3520 536 3582 sunt
564 3521 648 3582 octo
676 3509 881 3593 unitatum;
909 3509 962 3582 ita
988 3508 1157 3584 sedecem

116 3622 278 3695 rationes
313 3621 443 3717 duplas
474 3646 553 3696 esse
584 3632 667 3696 octo
696 3622 904 3695 rationum:
941 3633 978 3696 et
1002 3622 1156 3718 proinde

118 3737 229 3809 etiam
257 3736 348 3808 duas
372 3735 544 3823 rationes,
567 3744 610 3809 16
634 3734 682 3809 ad
707 3742 743 3823 4,
762 3747 801 3809 et
826 3744 848 3808 4
873 3735 921 3809 ad
951 3745 981 3823 1,
1007 3735 1155 3833 duplam

118 3872 196 3921 esse
213 3846 367 3921 rationis
388 3856 431 3921 16
450 3848 497 3921 ad
514 3859 550 3937 4,
569 3848 667 3921 velo
691 3847 739 3922 ad
763 3858 804 3932 13
831 3847 870 3922 id
887 3847 984 3946 quod
1011 3848 1157 3923 Clarius

119 3962 410 4035 demonstratum
427 3959 569 4034 nollet?

170 4078 369 4166 Postremo,
387 4077 564 4173 objiciens
582 4076 726 4175 quaerit,
743 4077 782 4150 in
800 4076 917 4151 tribus
934 4077 1158 4175 magnitudi-

119 4192 228 4265 nibus
245 4189 456 4286 aequalibus,
473 4190 532 4264 vel
558 4190 597 4264 in
614 4190 732 4263 tribus
758 4189 958 4288 aeqnalibus
985 4192 1158 4283 numeris,

121 4317 160 4381 ut
192 4316 227 4379 4.
240 4314 275 4380 4.
291 4317 326 4395 4,
353 4314 464 4400 atque
490 4303 584 4378 adeo
612 4302 785 4377 continue
815 4302 1158 4400 proportionalibus,
