2946 5010
392 429 671 484 rnonuamnrn
690 428 884 482 rnrsron.
1083 414 1161 483 309·

114 609 271 697 ,propter
288 598 397 688 diem,
417 598 549 672 deinde
575 609 716 671 motum
741 599 780 672 in
807 597 977 696 ecliptica
1003 609 1156 695 propter
1219 626 1286 667 cm.
1302 625 1323 665 1.

120 737 268 803 annum,
284 725 328 786 ut
344 711 486 786 dandus
508 712 557 785 sit
578 712 630 784 illi
659 713 770 786 etiam
796 735 913 785 novus
941 712 1003 784 hic
1033 722 1156 785 motus
1183 693 1339 814 »ὦ

121 850 240 923 neque
257 838 393 914 rectus,
411 849 529 922 neque
546 825 692 921 proprie
710 824 894 924 loquendo
912 823 1128 898 circularis?

170 939 218 1010 B.
247 939 331 1012 Nou
356 939 428 1011 hoc
449 938 565 1011 videri
588 939 655 1011 tibi
682 962 817 1011 novum
848 938 968 1028 debet,
997 938 1060 1035 qui
1087 938 1158 1012 scis

121 1051 219 1148 quod
254 1075 385 1147 corpus
413 1075 519 1124 omne
549 1062 606 1123 tot
634 1062 755 1123 motus
782 1051 890 1123 simul
916 1051 1039 1140 habet,
1068 1061 1159 1146 quot

122 1176 207 1238 sunt
238 1176 342 1238 extra
372 1165 492 1261 ipsum
519 1188 675 1260 corpora
703 1165 874 1260 agentia:
905 1176 1158 1254 veruntamen,

121 1276 159 1350 in
175 1301 290 1350 unum
308 1290 449 1350 motum
467 1277 700 1372 compositos
757 1278 854 1350 Nam
875 1277 944 1350 etsi
961 1278 1158 1351 multarum

121 1390 280 1487 partium
314 1390 477 1485 corporis
511 1390 618 1461 unius
649 1389 754 1462 multi
781 1390 855 1462 sint
882 1401 1016 1478 motus,
1044 1390 1158 1464 totius

122 1513 243 1576 tamen
257 1527 352 1576 unus
366 1517 420 1575 est
435 1513 563 1575 motus
596 1503 729 1575 Nonne
744 1503 806 1599 qui
821 1504 982 1599 navigat,
993 1513 1160 1575 movetur

122 1617 230 1689 simul
248 1641 332 1691 cum
349 1640 461 1689 nave:
489 1628 525 1689 et
552 1618 705 1704 interea,
735 1640 1027 1713 quaquaversum
1051 1637 1160 1711 super

122 1730 286 1803 tabulata
303 1730 478 1818 ambulat,
497 1729 664 1802 manibus
682 1729 782 1803 varie
804 1729 963 1826 jactatis,
984 1728 1161 1824 sanguine

122 1865 187 1937 per
220 1866 343 1930 venas,
379 1842 565 1937 spiritibus
598 1865 664 1937 per
693 1866 826 1915 nervos
861 1842 1160 1929 discurrentibus,

123 1955 355 2051 pulmonibus
397 1955 484 2028 dum
526 1955 652 2051 spirat,
693 1957 820 2052 lingua
857 1970 895 2028 et
925 1955 1036 2028 labris
1072 1953 1161 2026 dum

123 2068 295 2166 loquitur,
312 2069 510 2166 inquietis?
562 2068 756 2165 Multiplex
776 2093 863 2166 ergo
882 2069 1022 2142 telluris
1040 2078 1161 2140 motus

123 2205 182 2254 res
200 2183 266 2255 tibi
286 2207 381 2255 nova
397 2205 475 2255 esse
493 2205 566 2254 non
585 2193 717 2277 potest.
762 2181 872 2256 Quod
889 2195 1011 2255 autem
1028 2182 1162 2255 attinet

124 2295 306 2391 adipsum
330 2296 428 2367 huuc
445 2307 586 2366 motum
604 2318 713 2389 quern
737 2319 821 2368 cum
847 2305 949 2367 motu
974 2294 1087 2390 pelvis
1104 2293 1162 2367 vel

124 2409 235 2482 cribri
259 2432 442 2503 comparo,
470 2431 692 2504 quamquam
720 2407 968 2481 familiaritate
996 2406 1160 2504 despica-

122 2522 205 2594 bilis
231 2521 290 2609 sit,
320 2545 394 2592 non
423 2531 547 2593 tamen
576 2520 622 2593 ob
653 2544 733 2593 eam
763 2544 841 2594 rem
871 2520 1080 2618 negandum
1105 2531 1162 2594 est

125 2635 213 2730 quin
236 2635 299 2708 tali
328 2648 430 2707 motu
459 2644 592 2706 natura
618 2635 672 2706 uti
703 2634 829 2730 possit.
895 2635 952 2708 llli
979 2658 1065 2707 vero
1098 2634 1162 2731 qui

124 2748 411 2844 suppositionem
427 2748 523 2819 hanc
546 2760 808 2842 aspernantur:
836 2773 919 2822 curn
937 2772 1107 2821 ascensus
1125 2758 1163 2822 et

125 2859 320 2933 descensus
337 2861 410 2933 sint
427 2872 560 2947 motus,
580 2872 617 2933 et
639 2861 729 2933 nihil
746 2861 862 2957 possit
878 2862 1024 2935 initium
1042 2874 1162 2936 motus

126 2975 374 3069 cujuscunque
392 2972 478 3045 dare
497 2972 567 3045 sibi
583 2972 664 3068 ipsi,
677 2986 714 3046 et
727 2998 792 3069 per
810 2998 1036 3071 consequens
1054 2999 1164 3049 causa

126 3085 318 3181 gravitatis
335 3086 382 3158 sit
398 3084 602 3157 necessario
621 3097 741 3158 motus
754 3086 906 3181 aliquis:
925 3086 988 3172 illi,
1001 3087 1163 3181 inquam,

126 3210 266 3271 motum
285 3198 397 3270 alium
415 3196 601 3293 assignare
619 3195 765 3286 debent,
784 3210 821 3270 et
844 3222 989 3271 causam
1012 3197 1164 3272 descen·

127 3311 240 3383 sionis
256 3310 422 3406 gravium
440 3308 526 3382 inde
544 3308 806 3381 demonstrare.
858 3310 901 3383 Id
929 3311 1028 3405 quod
1055 3334 1163 3384 nemo

127 3423 305 3495 hactenus
321 3421 420 3495 fecit.
473 3421 666 3504 Caeterum,
686 3444 770 3492 cum
788 3421 903 3494 multa
926 3421 997 3494 alia
1013 3423 1163 3518 phaeno-

128 3559 235 3608 mena
254 3548 387 3631 praeter
404 3534 620 3631 gravitatem
638 3556 703 3627 per
723 3534 822 3606 hunc
839 3548 978 3606 motum
1005 3535 1165 3631 explica·

127 3649 256 3735 verim,
272 3648 512 3721 humilitatem
532 3645 700 3741 exempli,
713 3645 836 3734 credo,
849 3671 923 3720 nou
941 3659 1163 3722 contemnes.

129 3760 316 3854 Siquidem
334 3773 458 3833 autem
476 3784 562 3832 vera
582 3759 770 3855 gravitatis
789 3784 899 3833 causa
919 3760 1072 3835 fortuito
1097 3762 1164 3835 tibi

129 3875 396 3963 ostenderetur,
413 3898 485 3946 non
504 3872 632 3945 dubito
648 3871 734 3967 quin
753 3897 825 3944 uon
844 3874 965 3946 minus
979 3874 1165 3948 videretur

129 3986 194 4059 tibi
212 3988 443 4083 phantastica
460 4011 503 4059 ea
522 4011 631 4084 quam
648 3988 708 4059 hic
726 3985 920 4080 assignavi.

179 4100 227 4172 A.
257 4100 330 4173 Sed
351 4100 399 4172 ad
424 4125 514 4196 quas
540 4101 622 4174 coeli
648 4112 770 4197 partes
799 4110 964 4195 spectare
991 4102 1165 4195 supponis

129 4227 250 4285 motus
268 4214 371 4285 istius
390 4215 444 4285 tui
461 4215 592 4309 polos?

181 4326 229 4398 B.
258 4326 433 4421 Suppono
447 4351 509 4400 eos
523 4327 671 4401 eosdem
682 4352 760 4401 esse
773 4352 856 4401 cum
866 4327 960 4423 polis
969 4327 1166 4424 eclipticas.
