2946 5010
472 455 809 511 onomnrnanum.
1090 441 1159 510 461

120 622 293 696 nimirum
312 621 532 720 quadratum
549 649 572 698 a
589 625 674 710 CM,
692 626 833 722 aequale
850 647 928 698 esse
945 623 1125 721 quadrato
1138 648 1165 696 a
1190 647 1364 751 ⁰233·

123 737 190 809 CN
207 760 281 810 una
298 761 382 809 cum
401 739 512 811 tertia
529 738 642 836 ipsius
656 751 773 836 parte,
793 751 831 813 et
848 739 990 811 duobus
1008 737 1163 834 quadra·
1179 779 1345 838 nmmum„

121 850 169 923 tis
186 850 232 922 ab
247 850 338 939 NM,
353 851 430 924 sive
449 853 523 941 PR,
537 854 724 949 tangentis
739 864 776 928 et
794 852 978 927 semiradii
997 851 1163 925 differen·
1176 844 1379 961 mim

121 963 185 1050 tia,
203 962 233 1035 si
251 986 338 1036 vera
355 964 403 1038 sit
419 988 524 1062 prop.
543 969 606 1054 47,
623 967 740 1039 Elem.
758 965 784 1038 i.
1176 980 1218 1019 σω·

173 1076 292 1172 Super
306 1076 379 1149 CM
393 1077 640 1152 constituatur
650 1079 872 1176 quadratum
883 1078 1039 1152 CMYX.
1069 1077 1165 1149 Item

123 1210 233 1285 super
251 1188 324 1260 BM
343 1190 591 1263 constituatur
612 1190 834 1285 quadratum
853 1190 991 1286 BMZf.
1044 1190 1165 1263 Etiam

122 1323 232 1397 super
266 1301 335 1374 BN
366 1302 612 1376 constituatur
642 1301 861 1399 quadratum
892 1301 1025 1400 BNgh.
1083 1301 1166 1375 Erit

123 1438 212 1512 ergo
229 1427 310 1488 tum
329 1416 400 1505 PY,
418 1427 499 1488 tum
512 1417 572 1514 gz
590 1416 807 1512 quadratum
828 1415 1045 1491 differentiae
1067 1415 1166 1488 inter

124 1527 211 1616 CM,
231 1538 445 1624 tangentem
464 1537 512 1602 30
524 1528 718 1625 graduum,
736 1541 775 1602 et
792 1527 1026 1602 semiradium
1041 1528 1122 1601 CN.

174 1641 331 1714 Constat
341 1653 465 1716 autem
479 1642 698 1739 quadratum
713 1642 774 1715 Nlr
785 1641 922 1740 aequale
940 1642 1021 1714 est*
1031 1665 1164 1714 novem

125 1753 313 1850 quadratis
337 1779 360 1828 a
383 1755 578 1830 semiradio
597 1757 679 1830 CN.
742 1755 852 1830 Quod
869 1765 993 1827 autem
1012 1754 1168 1850 quadra·

124 1878 204 1940 tum
222 1867 285 1964 Β]
305 1869 445 1964 aequale
472 1881 528 1943 est
552 1868 678 1943 decem
698 1869 886 1967 quadratis
909 1869 1028 1958 aCN,
1056 1890 1167 1964 supra

125 1979 416 2055 demonstratum
432 1995 499 2056 est.

175 2095 241 2167 Est
254 2117 342 2191 ergo
359 2119 520 2191 gnomon
540 2097 602 2192 qui
620 2096 800 2193 quadrato
818 2095 880 2168 Nlr
897 2095 1086 2192 appositus
1099 2106 1166 2181 est,

126 2207 277 2304 aequalis
307 2208 488 2302 quadrato
521 2209 600 2282 NF.
666 2209 882 2283 Differentia
914 2221 1036 2283 autem
1070 2208 1169 2280 inter

126 2320 346 2417 quadratum
373 2320 452 2394 MX
476 2332 514 2394 et
544 2322 621 2412 NF,
645 2333 703 2395 est
731 2346 895 2419 gnomon
919 2333 1092 2396 constans
1123 2343 1168 2392 ex

127 2432 239 2529 duplo
257 2432 472 2529 reetongulo
490 2435 563 2508 MP
579 2446 617 2508 et
634 2435 814 2531 quadrato
842 2435 915 2525 PY,
938 2435 999 2508 cui
1026 2432 1167 2530 aequale

127 2557 184 2619 est
201 2544 422 2643 quadratum
437 2546 508 2644 gZ.

176 2660 346 2734 Gnomon
370 2670 494 2732 autem
523 2658 586 2757 qui
612 2660 778 2756 adjectus
808 2673 865 2735 est
891 2659 1071 2758 quadrato
1095 2658 1167 2750 Nl,

126 2773 276 2870 aequalis
294 2784 350 2847 est
367 2773 535 2871 sextuplo
554 2775 770 2870 rectangulo
788 2773 860 2846 MP
876 2798 950 2848 una
973 2798 1057 2846 cum
1075 2796 1168 2869 qua-

128 2886 235 2961 drato
255 2888 327 2986 gZ.
380 2888 447 2962 Est
478 2898 602 2961 autem
629 2911 793 2984 gnomon
819 2887 881 2962 ille
907 2887 1057 2983 aequalis
1082 2910 1170 2983 qua·

128 2999 235 3073 drato
252 3000 449 3074 semiradii‚
501 3000 627 3074 Minus
645 3024 733 3097 ergo
751 3013 807 3073 est
824 3000 1044 3098 quadratum
1062 2999 1170 3072 semi-

127 3112 222 3185 radii
235 3136 344 3208 quam
361 3112 582 3210 quadratum
596 3113 784 3209 tangentis
799 3120 847 3186 ³0
860 3113 1042 3209 graduum
1059 3111 1170 3184 tertia

128 3223 196 3308 sui,
215 3233 253 3294 et
271 3236 451 3318 praeterea
462 3236 566 3299 tanto
581 3237 760 3320 quantum
773 3237 829 3296 est
843 3224 995 3320 duplum
1013 3222 1170 3320 quadra-

128 3346 208 3408 tum
225 3358 248 3407 a
266 3336 328 3409 ΡΥ
345 3337 400 3409 vel
417 3338 489 3435 gz.

178 3448 359 3521 Excessus
382 3471 471 3544 ergo
499 3449 669 3544 quadrati
700 3449 886 3545 tangentis
916 3457 965 3524 30
988 3448 1171 3545 graduum

129 3582 240 3656 supra
256 3560 478 3655 quadratum
502 3560 699 3652 semiradii‚
717 3564 835 3659 majus
860 3573 916 3635 est
934 3586 1044 3660 quam
1061 3561 1173 3635 tertia

127 3697 214 3770 pars
233 3674 403 3772 quadrati
416 3674 614 3766 semiradii‚
626 3688 733 3750 tanto
750 3685 927 3774 quantum
946 3688 1002 3749 est
1020 3674 1172 3770 duplum

129 3787 350 3884 quadratum
368 3787 441 3861 PY.
470 3786 581 3862 Quod
600 3800 657 3862 est
674 3801 805 3862 contra
817 3813 923 3885 prop.
942 3794 1003 3874 47,
1016 3788 1132 3860 Elem.
1147 3787 1171 3858 i.

178 3900 293 3974 Error
309 3912 432 3974 autem
449 3899 510 3973 hio
523 3901 561 3973 in
575 3900 764 3997 quadratis
780 3901 880 3998 ipsis,
894 3913 936 3974 ut
952 3900 1067 3986 vides,
1084 3899 1173 3973 satis

127 4024 185 4086 est
194 4013 389 4103 sensibilis,
396 4014 464 4088 etsi
476 4014 515 4086 in
525 4014 702 4087 lateribus
713 4038 788 4087 non
799 4026 873 4088 tam
887 4014 996 4088 facile
1007 4023 1172 4111 apparet.

127 4126 332 4223 Apparebit
357 4138 493 4216 autem,
511 4127 542 4200 si
567 4125 670 4219 ad-2-
695 4140 807 4202 reotae
834 4128 898 4202 BG
923 4126 1108 4201 addideris
1133 4125 1173 4199 in

128 4239 311 4314 directum
336 4241 480 4314 radium
507 4252 640 4330 totum,
666 4243 742 4316 sive
760 4240 812 4333 {²3
837 4252 947 4340 atque
972 4240 1172 4315 interillos

436 4426 453 4461 '
478 4425 528 4486 Sio
540 4427 610 4486 edit.
628 4429 705 4486 1666
718 4436 749 4486 et
766 4428 851 4485 1668.
