2946 5010
460 432 738 488 rnonnnnnra
757 433 950 489 rnrsroA.
1151 421 1224 487 329

100 652 101 655 ,
187 597 294 695 quale
310 607 366 673 est
382 611 567 696 spectrum
582 631 592 685 ;
615 601 732 697 qualis
745 611 801 674 est
817 601 961 675 macula
973 611 1060 674 ante
1078 600 1225 674 oculum

97 764 100 778 .
186 737 209 784 a
226 725 422 809 conspecto
441 714 527 800 sole,
540 713 597 788 vel
615 714 700 810 igne
718 714 979 799 candescente3
998 713 1105 811 quale
1123 714 1225 787 deni-

187 848 258 920 que
276 838 332 898 est
349 827 544 900 somnium.
597 827 692 902 Sunt
709 828 807 901 enim
824 829 905 901 haeo
918 828 1042 901 omnia
1059 827 1126 901 sub
1139 849 1227 901 vex-

186 937 248 1011 illo
265 939 481 1034 phantasiae,
495 940 604 1014 nullis
620 940 715 1015 suita
730 941 958 1038 corporibus,
971 940 1064 1013 nulli
1081 940 1227 1038 corpori

185 1050 393 1126 insidentia.

237 1162 287 1237 Α.
315 1165 390 1238 Cur
420 1177 555 1254 autem,
583 1165 730 1262 quando
761 1168 876 1241 solem
905 1179 969 1242 aut
998 1167 1136 1257 lunam,
1161 1177 1228 1241 aut

187 1277 288 1350 aliud
305 1302 438 1375 corpus
462 1278 627 1368 intueris,
646 1303 721 1354 non
737 1279 800 1354 illa
823 1303 968 1377 quoque
985 1291 1132 1379 spectra
1147 1303 1228 1355 esse

188 1389 300 1479 dicas,
318 1401 354 1462 et
372 1390 654 1486 phantasmata?

236 1503 284 1576 B.
311 1503 433 1576 Etiam
451 1502 595 1576 illorum
612 1504 858 1600 apparitiones
875 1505 1131 1602 phantasmata
1148 1530 1227 1582 esse

187 1614 280 1689 dioo.
335 1616 565 1711 Quamquam
592 1617 691 1689 enim
718 1617 784 1707 sol,
813 1629 856 1690 ut
883 1630 921 1693 et
945 1643 1053 1692 omne
1081 1643 1226 1716 eorpus,

187 1728 335 1802 realiter
351 1729 485 1803 existat
497 1742 536 1802 et
553 1741 711 1819 maneat,
722 1729 880 1803 circulus
893 1744 1017 1804 tamen
1031 1731 1091 1805 ille
1106 1733 1227 1829 splen-

188 1841 305 1931 didus
333 1842 596 1937 magnitudinis
626 1842 683 1936 (ut
707 1842 868 1937 videtur)
898 1843 1049 1940 pedalis,
1073 1845 1127 1918 sol
1150 1869 1227 1919 non

187 1967 255 2045 est,
291 1955 361 2028 nisi
390 1955 512 2052 plnres
546 1955 620 2029 sint
652 1955 758 2029 soles.
811 1956 908 2029 Nam
938 1956 975 2029 in
1005 1957 1109 2029 vitris
1144 1981 1227 2053 quae

188 2068 346 2164 speciem
358 2068 616 2164 multiplicant,
627 2067 771 2142 videres
784 2069 916 2166 viginti
926 2069 1032 2160 soles,
1044 2068 1074 2142 si
1088 2071 1227 2165 speeies

186 2182 250 2255 illa
267 2192 362 2255 esset
375 2182 452 2278 ipse
465 2182 528 2254 sol.
580 2183 648 2255 Est
661 2183 747 2255 solis
761 2182 940 2280 apparitio
951 2194 1107 2279 utroque
1118 2182 1226 2259 oculo

187 2319 266 2369 sua.
317 2297 412 2369 Item
438 2319 512 2369 uno
538 2296 644 2369 oculo
666 2295 817 2393 paulum
841 2295 1002 2387 detorto,
1027 2296 1101 2369 duo
1131 2297 1227 2370 fiunt

187 2409 282 2481 soles
308 2408 347 2481 in
377 2408 482 2496 ooelo,
506 2407 565 2481 vel
595 2420 723 2482 neuter
748 2408 803 2482 sol
829 2419 896 2482 est.
949 2408 1074 2482 Etiam
1097 2409 1227 2483 eodem

188 2534 353 2618 tempore
371 2521 516 2594 videtur
533 2521 587 2595 sol
603 2521 642 2593 in
668 2522 762 2595 coelo
789 2534 829 2595 et
854 2521 893 2594 in
915 2522 1078 2612 flumine,
1095 2521 1135 2595 id
1158 2534 1226 2612 est,

187 2645 318 2708 neuter
334 2658 462 2708 eorum
480 2635 535 2708 sol
552 2646 617 2708 est.

238 2747 286 2821 Α.
315 2747 505 2845 Siquidem
526 2749 607 2822 haeo
622 2771 710 2821 vera
737 2757 836 2835 sunt,
856 2745 963 2820 video
985 2756 1224 2842 sequutumm

187 2863 249 2935 illa
263 2885 345 2958 quae
363 2886 386 2933 a
403 2859 523 2935 doctis
540 2860 771 2958 appellantur
793 2859 998 2934 accidentia
1015 2883 1225 2957 corporum,

187 2985 320 3070 praeter
338 2986 478 3048 motum
503 2985 540 3048 et
558 2973 848 3070 magnitudinem
866 2974 990 3048 omnia
1012 2998 1092 3048 esse
1109 2973 1228 3072 phan-

186 3098 357 3175 tasmata,
391 3111 467 3160 non
503 3088 654 3183 objectis
689 3085 754 3159 sed
784 3086 956 3160 sentienti
986 3086 1227 3163 adhaerentia.

188 3199 260 3272 Sed
278 3199 376 3272 unde
394 3199 527 3287 evenit,
544 3210 587 3272 ut
601 3223 757 3295 corpora
774 3223 797 3272 a
814 3199 924 3272 certis
941 3199 1116 3296 gradibus
1129 3199 1226 3274 oalo-

187 3312 238 3383 ris
257 3312 329 3384 alia
343 3311 565 3385 candescant
582 3322 620 3385 et
637 3312 797 3401 luceant,
814 3311 888 3385 aha
903 3335 978 3385 non
994 3311 1169 3386 luceant?

239 3424 288 3496 B.
316 3425 484 3520 Corpora
515 3449 597 3521 qnae
630 3424 756 3498 lucent
794 3424 917 3497 omnia
947 3436 1087 3498 motum
1122 3423 1226 3499 illum

186 3536 336 3627 habent,
355 3561 463 3634 quem
481 3537 655 3635 supposui
673 3560 753 3610 esse
768 3536 808 3609 in
825 3537 901 3610 sole
926 3550 965 3610 et
987 3547 1098 3611 terra.
1157 3537 1225 3609 Cui

186 3650 316 3739 motui,
334 3663 376 3723 nt
389 3651 453 3723 fiat
465 3650 540 3739 lux,
555 3662 679 3724 certus
690 3649 888 3746 requiritur
900 3650 1037 3746 gradus
1049 3649 1226 3724 velocita-

187 3763 246 3850 tis,
277 3785 350 3858 quo
380 3763 528 3837 visionis
563 3787 743 3861 organum
777 3763 865 3836 satis
898 3762 1045 3837 fortiter
1077 3787 1225 3838 movero

186 3875 313 3971 possit.
364 3875 497 3948 Omnia
522 3900 678 3972 corpora
703 3900 778 3950 non
804 3875 911 3948 nimis
933 3876 1059 3965 fluida,
1089 3901 1112 3950 a
1138 3877 1227 3951 satis

187 4013 321 4085 magno
339 3989 461 4062 calore
488 3989 674 4063 lucebunt.
725 3991 889 4077 Ferrum,
907 3989 1012 4085 lapis,
1030 4013 1160 4062 aurum
1177 3990 1225 4063 ah

186 4103 272 4198 igne
290 4101 504 4176 vehemente
521 4102 706 4175 lucebunt.
759 4103 867 4199 Aqua
880 4125 954 4176 non
971 4103 1122 4194 lucebit,
1140 4102 1226 4200 quin

187 4231 311 4314 partes
328 4218 406 4312 ejus
423 4226 509 4289 ante
526 4214 675 4290 avolant
698 4239 807 4311 quam
834 4215 990 4311 gradum
1018 4216 1226 4293 velocitatis

1271 631 1339 672 CAP-
1353 629 1395 670 W.

1264 698 1408 734 »ην-ν

1277 761 1313 805 Da
1322 760 1395 806 orioro

1279 825 1366 871 otluos.
