2946 5010
285 353 356 433 274
470 354 475 374 “
610 372 854 428 unstruot
873 374 1009 427 nanis.

285 561 371 612 nam
391 538 565 629 Hobbii,’'
584 539 775 637 inquiebat
804 542 964 615 Owenus
990 538 1327 614 vice-cancellarius

287 651 433 738 Oxonii,
451 658 713 750 “quaecunque
734 677 778 726 ea
805 654 853 728 sit
880 678 955 727 non
983 653 1199 750 recipiemus
1210 651 1262 744 ”):
1291 662 1329 724 et

286 763 386 860 quod
401 764 609 859 paucissimi
627 778 713 839 suut
730 791 856 840 eorum
874 768 937 863 qui
954 767 1126 840 scientias
1151 766 1328 861 profiten-

286 889 360 962 tur,
379 876 441 973 qui
458 877 633 951 veritates
658 879 822 952 difficiles
843 880 890 952 ab
911 879 991 952 aliis
1017 903 1125 977 quam
1153 902 1176 951 a
1204 902 1243 950 se
1273 878 1328 950 in·

286 1001 415 1062 ventas
432 1013 511 1064 esse
528 1014 604 1064 non
623 990 784 1066 doleant.
837 992 911 1066 Sed
928 992 1040 1066 missa
1049 993 1129 1066 haec
1140 990 1327 1079 facientes,

285 1125 482 1200 pergamus
506 1103 555 1176 ad
580 1104 823 1200 pbaeuomena
848 1105 1000 1203 physica
1018 1129 1172 1202 quorum
1200 1126 1329 1177 causas

287 1238 362 1289 non
381 1216 590 1289 amachina
614 1217 697 1307 ista,
716 1217 781 1291 sed
798 1217 946 1292 aliunde
970 1218 1142 1292 didicitis
1195 1214 1330 1311 Imagi-

286 1351 377 1403 nare
400 1329 581 1424 sphaeram
614 1330 779 1422 vitream,
806 1355 946 1421 cavam,
974 1356 995 1406 e
1025 1355 1099 1427 qua
1124 1329 1329 1428 promineat

288 1441 435 1532 collum,
448 1441 540 1515 illud
556 1466 703 1539 quoque
721 1467 862 1537 carum.
914 1445 983 1519 Per
1001 1445 1136 1519 collum
1154 1441 1330 1516 immitta-

286 1564 350 1628 tur
362 1552 485 1628 fistula
501 1577 615 1644 aenea,
633 1578 716 1650 quae
736 1556 918 1630 transiens
939 1580 1007 1654 per
1028 1569 1196 1631 centrum
1218 1555 1331 1651 perti·

287 1678 377 1742 neat
393 1666 471 1740 fere
487 1667 535 1740 ad
548 1666 714 1742 fundum.
767 1670 823 1744 Sit
840 1681 963 1743 autem
981 1669 1218 1744 interstitium
1232 1668 1329 1741 inter

288 1779 424 1855 collum
442 1792 481 1855 et
504 1781 704 1855 immissam
727 1783 888 1856 fistulam
914 1784 967 1857 ita
990 1784 1165 1874 clausum,
1182 1794 1226 1855 ut
1252 1780 1331 1854 aeri

287 1894 454 1992 pervium
486 1916 561 1967 non
591 1895 649 1967 sit.
702 1896 771 1969 Per
800 1897 961 1970 fistulam
993 1896 1101 1970 simul
1128 1906 1166 1970 et
1194 1894 1330 1968 collum

287 2006 562 2103 transadigatur
580 2006 769 2096 clavicula,
787 2033 861 2105 qua
877 2009 991 2106 possit
1009 2009 1186 2083 transitus
1203 2007 1279 2081 aeri
1293 2018 1330 2081 et

288 2143 396 2216 aqnae
411 2119 469 2193 vel
487 2118 567 2192 dari
585 2118 642 2193 vel
664 2121 807 2194 obstrui
835 2121 882 2195 ad
909 2121 1066 2194 libitum.
1117 2120 1247 2194 Totius
1274 2119 1330 2193 in-

290 2233 486 2306 strumenti
503 2233 659 2328 figuram
677 2232 801 2306 videre
818 2246 924 2329 potes
942 2233 991 2306 ad
1011 2234 1122 2307 finem
1146 2257 1226 2328 cap.
1245 2232 1331 2305 xxvi

289 2345 375 2418 libri
400 2345 587 2418 Hobbiani
616 2367 671 2419 nn
699 2368 903 2420 conpone.
956 2346 998 2419 Iu
1025 2346 1205 2442 sphaeram
1234 2345 1331 2418 hauc

289 2458 444 2532 vitream
463 2458 492 2531 si
517 2483 612 2555 aqua
637 2483 704 2556 per
730 2461 889 2534 fistulam
912 2459 1099 2556 injiciatur
1124 2482 1259 2555 magne
1281 2459 1331 2548 vi,

293 2571 351 2663 (nt
373 2571 417 2643 fit
442 2571 479 2642 in
499 2571 746 2667 clysteribus),
763 2596 945 2670 operaque
973 2583 1161 2668 repetatur
1189 2571 1332 2667 quoties

290 2683 409 2755 visum
428 2684 509 2772 erit,
526 2685 663 2780 (potest
689 2697 812 2758 autem
829 2687 900 2758 hoc
927 2684 1038 2757 modo
1067 2709 1161 2780 aqua
1188 2683 1331 2780 impleri

290 2796 437 2868 circiter
454 2797 606 2891 sphaerae
624 2797 813 2892 dodrans),
827 2799 971 2887 deiude,
985 2797 1014 2870 si
1033 2821 1139 2870 versa
1156 2796 1332 2868 clavicula

291 2907 410 2981 exitus
429 2911 591 3004 patefiat,
610 2934 707 3006 aqua
724 2911 925 2984 ascendens
943 2911 1118 3005 paulatim
1137 2909 1254 2981 omnis
1269 2910 1331 3004 eji-

290 3018 419 3094 cietur.
472 3022 627 3094 Causam
651 3023 759 3117 hujus
787 3022 1017 3118 phaenomeni
1047 3022 1213 3093 Hobbius
1235 3022 1331 3095 hanc

290 3134 464 3230 assignat.
516 3136 603 3225 Aer,
628 3161 701 3231 quo
720 3138 765 3208 ab
783 3137 889 3209 initio
908 3136 1052 3231 sphaera
1069 3133 1219 3230 plenus*
1239 3146 1330 3225 erat,

290 3271 314 3321 a
331 3249 555 3344 corpusculis
570 3250 640 3321 illis
658 3251 786 3322 terreis
805 3261 925 3321 motus
943 3259 1045 3320 motu
1063 3247 1230 3319 circulari
1249 3248 1331 3321 sim-

290 3359 385 3455 plice
404 3385 512 3456 quem
540 3362 648 3457 paulo
667 3375 752 3435 ante
771 3361 1040 3456 descripsimus,
1064 3361 1100 3431 vi
1125 3361 1332 3455 injectionis

293 3484 453 3563 coactus,
473 3475 535 3571 qui
548 3475 695 3572 quidem
714 3500 826 3569 purus
840 3488 896 3547 est
914 3475 989 3546 exit
1008 3498 1140 3568 aquam
1158 3475 1331 3570 injectam

291 3598 488 3681 penetrans
506 3589 543 3659 in
568 3613 689 3661 aerem
708 3590 966 3676 extrinsecum,
984 3587 1105 3659 locum
1123 3587 1332 3682 relinquens

291 3722 408 3794 aquae.
445 3700 617 3796 Sequitur
634 3725 734 3796 erge,
747 3701 971 3797 corpusculis
983 3701 1053 3772 illis
1069 3701 1199 3772 terreis
1212 3701 1332 3773 minus

291 3813 448 3910 relinqui
467 3813 549 3901 loci,
577 3815 612 3886 iu
634 3838 705 3909 quo
724 3826 864 3887 motum
883 3838 989 3885 suum
1007 3813 1212 3885 naturalem
1230 3838 1333 3886 exer·

292 3948 376 3997 cere
409 3927 562 4021 possint.
621 3928 749 4022 ltaque
782 3928 820 3999 in
856 3950 894 3998 se
925 3939 1052 3997 mutuo
1087 3926 1333 4022 impingentes

292 4061 423 4132 aquam
451 4053 584 4136 urgent
601 4040 649 4113 ad
674 4064 883 4135 egressum:
911 4039 1158 4134 egredientem
1184 4065 1248 4113 aer
1271 4066 1334 4114 ex-

547 4287 562 4322 *
586 4292 603 4316 c
613 4285 749 4355 11611161
764 4287 832 4343 eun.
852 4290 922 4344 1661
941 4295 970 4343 et
988 4288 1071 4342 1666.
