2946 5010
357 435 668 487 narnuuarrcm
690 436 930 488 annianum.
1091 425 1155 488 131

125 599 219 673 ratio
237 600 457 697 aequalitatis
482 603 604 675 media
633 615 690 676 est
719 603 816 675 inter
841 603 1021 676 rationem
1051 626 1160 698 quam
1200 628 1347 668 erasmus

123 713 235 786 habet
252 714 437 809 quantitas
457 714 505 787 ad
527 716 781 808 quantitatem,
799 727 837 788 et
853 716 1034 788 rationem
1051 739 1161 811 quam
1191 709 1343 811 „PL

123 826 235 900 habet
260 827 417 923 privatio
440 829 654 924 quantitatis
678 829 726 901 ad
748 830 990 925 privationem
1016 829 1162 923 quanti-

123 939 236 1024 tatis3
255 952 293 1014 et
306 941 472 1037 proinde,
486 943 731 1038 quantitatem
748 942 900 1015 rationis
924 966 1033 1037 quam
1051 942 1162 1015 habet

123 1052 262 1148 aequale
279 1053 327 1126 ad
347 1054 499 1149 aequale,
517 1079 596 1128 esse
613 1055 714 1128 nihil.
766 1056 939 1151 Sequitur
958 1055 1078 1151 Caput
1095 1056 1161 1128 tri-

122 1166 312 1254 cesimum,
331 1164 377 1238 de
394 1166 578 1240 rationum
595 1168 869 1263 compositione.

173 1278 223 1350 B.
251 1278 451 1351 Differatur
468 1279 498 1352 si
517 1279 582 1369 vis,
599 1279 638 1352 in
656 1280 753 1352 diem
770 1280 982 1353 crastinum.

384 1835 633 1914 DIALOGUS
661 1834 910 1908 QUARTUS.

174 2151 211 2224 A
216 2207 224 2223 .
251 2151 387 2224 Errant
407 2151 603 2225 hodiernus
619 2151 726 2223 nobis
747 2174 866 2223 sermo
884 2161 984 2224 totus
1000 2151 1076 2223 fere
1093 2152 1164 2237 erit

125 2263 171 2337 de
188 2262 406 2337 rationibus.
459 2264 590 2360 Capite
615 2275 798 2359 praesente
816 2262 861 2335 de
878 2262 1061 2337 rationum
1084 2265 1164 2362 agit

124 2377 400 2474 compositione,
417 2389 527 2473 prout
544 2376 718 2450 definitur
735 2376 781 2448 ab
799 2375 949 2449 Euclide
970 2377 1099 2470 (Elem.
1114 2379 1161 2451 vi.

125 2491 234 2565 defin.
253 2491 365 2585 ult.):
392 2491 504 2564 Ratio
529 2516 576 2563 ea·
593 2488 799 2563 rationibus
823 2491 989 2587 componi
1016 2491 1164 2580 dicitur,

124 2603 273 2703 quando
290 2603 471 2676 rationum
493 2603 721 2700 quantitates
743 2602 841 2675 iuter
857 2627 897 2674 se
912 2603 1166 2702 multiplicatae

126 2717 288 2811 <fficium
305 2715 467 2813 aliquam
485 2716 674 2802 rationem,
685 2716 722 2788 in
740 2716 880 2805 Graeco,
898 2734 959 2788 roa
971 2733 1066 2804 λόγον.
1105 2718 1165 2790 Sic

126 2828 224 2902 enim
258 2829 406 2902 invenio
436 2829 474 2901 in
504 2829 597 2902 libro
633 2828 822 2925 cujusdam
851 2829 1035 2924 anonymi,
1066 2829 1165 2904 edito

126 2942 327 3015 centesimo
345 2941 503 3014 abhinc*
537 2966 647 3031 anno,
665 2942 704 3014 in
729 2965 801 3035 quo
829 2953 914 3014 sunt
937 2942 1166 3017 definitiones

126 3066 164 3128 et
192 3055 463 3150 propositiones
491 3056 653 3129 Euclidis
687 3078 813 3128 omnes
847 3055 972 3128 Graece
1007 3057 1164 3152 scriptae.

125 3167 280 3241 Wallisii
310 3168 415 3258 liber,
446 3180 488 3242 ut
512 3168 668 3257 videtur,
697 3166 778 3240 loco
809 3168 916 3263 hujus
945 3168 1165 3242 definitionis

123 3280 221 3355 hanc
234 3280 371 3353 habet:
401 3280 557 3366 Quaado
571 3279 753 3352 rationum
768 3281 993 3375 quantitates
1010 3280 1108 3353 inter
1124 3304 1166 3352 ae

125 3392 381 3492 multiplicata
415 3394 562 3490 aliquas
596 3393 798 3488 effecerint.
851 3393 944 3467 Quae
978 3394 1059 3465 duae
1092 3392 1165 3465 lec-

124 3509 245 3582 tiones
275 3530 385 3580 sensu
407 3507 498 3580 nihil
525 3506 709 3579 differunt.
762 3505 859 3576 Nam
875 3505 906 3577 si
924 3504 996 3578 duo
1018 3505 1166 3578 termini

124 3622 234 3695 unius
247 3620 402 3693 rationis
419 3619 708 3716 multiplicentur
725 3618 764 3690 in
782 3618 873 3691 duos
887 3619 1061 3691 terminos
1079 3618 1166 3691 alte-

125 3734 201 3807 rius
218 3733 385 3822 rationis,
403 3731 442 3806 id
460 3744 527 3821 est,
545 3731 765 3806 antecedens
779 3732 818 3803 in
836 3731 1111 3803 antecedentem
1129 3743 1166 3803 et

125 3869 357 3942 consequens
374 3846 412 3918 in
437 3856 732 3941 consequentem,
751 3844 888 3916 orietur
906 3844 999 3916 ratio
1017 3867 1060 3915 ex
1079 3843 1164 3915 dua-

122 3948 192 4034 bus
215 3959 289 4033 illis
316 3958 520 4032 rationibus
541 3959 764 4052 composita;
790 3955 848 4028 vel
866 3955 965 4050 quod
983 3955 1079 4028 idem
1097 3967 1164 4046 est,

123 4074 291 4148 orientur
321 4069 405 4144 duae
436 4071 660 4167 quantitates
696 4092 849 4163 quarum
880 4069 973 4141 ratio
1001 4081 1166 4165 aequatur

368 4335 386 4371 ⁴
408 4335 487 4393 Edit.
506 4337 581 4393 1660
595 4344 625 4393 et
642 4335 726 4404 1668,
744 4339 762 4366 “
773 4335 809 4391 ab
823 4334 928 4391 hunc.’'

1009 4451 1036 4500 Κ
1054 4456 1068 4503 2
