2946 5010
357 414 672 469 uarnnmamcm
692 416 936 469 nonmnum.
1093 403 1162 469 123

124 579 155 653 si
170 579 426 675 rectangulum
450 580 595 654 dicatur
618 604 696 654 esse
719 590 775 671 12,
803 582 1022 678 intelligitur
1048 581 1165 655 conti·
1200 605 1353 649 antonus

122 716 210 766 nere
232 702 276 767 12
303 695 519 790 rectangnla
543 694 700 791 aequalia
725 705 763 768 et
787 696 858 768 toti
883 695 1039 779 similia;
1066 693 1166 791 quod
1207 688 1351 792 L

124 806 156 879 si
173 804 360 879 dividatur
377 830 444 903 per
460 815 496 896 6,
524 807 742 903 intelligitur
767 832 834 904 per
851 817 886 898 6,
916 832 980 882 sex
1011 832 1056 881 ex
1085 808 1166 882 istis

124 918 359 1014 rectangnlis.
412 919 470 992 Ita
486 930 529 993 ut
551 921 581 992 si
599 932 787 1016 quaeratur
813 921 958 1016 quoties
982 929 1005 993 6
1023 930 1167 994 rectan-

124 1033 214 1130 gula
235 1033 496 1106 contineantur
518 1033 556 1106 in
580 1042 624 1107 12
652 1034 875 1130 rectangulis
900 1033 1066 1131 ejusdem
1083 1057 1168 1106 cum

124 1146 197 1218 illis
223 1145 500 1242 magnitudinis,
523 1147 805 1243 respondebitur
834 1147 1052 1238 (secundum
1079 1171 1168 1243 qno-

124 1258 294 1352 tientem)
329 1265 365 1332 2.
430 1259 562 1357 Itaque
596 1261 792 1357 applicatio
823 1276 1097 1359 geometrarum
1131 1274 1170 1334 et

126 1371 256 1445 divisio
282 1370 598 1446 arithmeticorum
625 1374 754 1447 eadem
780 1373 858 1449 fere
883 1399 942 1449 res
965 1388 1032 1465 est,
1059 1385 1102 1448 ut
1130 1386 1171 1447 et

126 1484 253 1558 ductio
282 1496 556 1579 geometrarum
583 1498 622 1558 et
650 1485 966 1562 arithmeticorum
996 1487 1170 1584 multipli-

126 1598 247 1682 oatio;
272 1597 344 1671 nisi
361 1598 460 1693 quod
478 1598 735 1695 multiplicatio
752 1600 860 1675 lineae
880 1624 947 1697 per
962 1625 1169 1690 nnmerum,

126 1735 315 1806 nunqnam
345 1711 519 1807 producit
552 1713 796 1809 superficiem,
831 1714 896 1787 sed
925 1714 1065 1797 lineas;
1101 1736 1171 1787 nec

126 1824 324 1922 applicatio
341 1825 486 1898 numeri
503 1825 551 1899 ad
567 1827 719 1920 planum
735 1826 826 1899 facit
843 1850 1004 1922 unquam
1023 1826 1169 1900 lineam.

129 1937 240 2013 Quod
257 1948 381 2011 autem
403 1938 513 2029 latus,
531 1939 570 2011 id
594 1949 650 2012 est
668 1940 779 2029 linea,
796 1963 862 2035 per
888 1938 1171 2036 applicationem

126 2051 296 2148 prodeat,
315 2075 399 2124 cnm
416 2075 482 2148 per
499 2051 714 2125 divisionem
730 2051 886 2148 prodeat
903 2075 1076 2124 numerus
1093 2074 1173 2123 rec·

127 2164 377 2261 tangnlorum,
394 2164 434 2237 id
452 2165 647 2262 contingit,
666 2165 754 2261 quia
777 2165 976 2239 similitudo
994 2175 1033 2238 et
1049 2188 1173 2261 aequa-

127 2280 213 2354 litas
228 2279 529 2374 rectangulorum
540 2278 631 2352 facit
645 2290 687 2352 ut
700 2279 857 2352 alterum
872 2278 1020 2374 quidem
1033 2279 1173 2352 indicet

127 2415 323 2466 nnmerum
357 2393 658 2488 rectangulorum
692 2391 865 2466 similium
892 2402 929 2464 et
964 2390 1172 2487 aequalinm,

128 2507 287 2581 alterum
315 2528 403 2578 vero
432 2528 627 2578 nnmerum
658 2504 977 2600 multiplicantem.
1044 2505 1174 2599 Neque

129 2620 169 2693 in
195 2618 421 2714 rectangulis
453 2630 610 2708 tantum,
642 2619 848 2692 sedetiam
882 2619 921 2692 in
951 2618 1175 2716 quibuslibet

129 2732 479 2829 parallelogrammis
496 2732 594 2805 idem
608 2731 754 2805 accidit.
800 2732 910 2808 Quod
925 2757 1009 2806 cnm
1022 2732 1084 2805 ille
1097 2756 1175 2806 non

131 2845 285 2933 rideret,
300 2845 393 2916 mire
408 2868 447 2917 se
460 2855 621 2940 torquet,
637 2844 751 2917 cruda
764 2855 803 2918 et
815 2845 997 2941 indigesta
1010 2846 1175 2942 cogitata

132 2980 199 3030 sua
215 2957 400 3052 explicare
420 2957 583 3053 cupiens.
637 2958 765 3052 ltaque
783 2956 997 3031 divisionem
1015 2982 1093 3032 esse
1110 2983 1175 3031 ne-

131 3085 207 3170 gat,
237 3073 311 3146 nisi
339 3096 572 3165 καταχρηπικῶς,
591 3074 889 3169 quotientemque
923 3099 998 3147 non
1028 3074 1176 3170 proprie

132 3187 206 3260 dici
240 3186 280 3259 id
319 3185 419 3283 quod
454 3186 591 3281 prodit,
626 3209 695 3258 nec
731 3185 953 3282 respondere
993 3185 1177 3281 questioni

133 3310 222 3399 quot
254 3312 321 3373 aut
354 3300 526 3396 quotiea;
571 3323 656 3372 cum
690 3311 815 3372 tamen
848 3300 1084 3372 manifestum
1117 3298 1177 3385 sit,

133 3412 183 3503 id,
215 3411 317 3509 quod
343 3412 481 3508 prodit,
511 3435 589 3485 esse
618 3412 715 3485 latus
742 3414 847 3507 cujus
875 3425 1065 3509 segmenta
1091 3421 1178 3484 sunt

133 3547 308 3598 numerus
333 3535 608 3620 segmentorum
634 3523 801 3597 indicans
829 3526 973 3620 quoties
1003 3547 1177 3596 numerus

134 3638 318 3710 minorum
345 3636 770 3733 parallelogrammorum
797 3639 1031 3712 contineatur
1048 3638 1086 3710 in
1112 3661 1177 3733 pa-

134 3749 429 3846 rallelogrammo
446 3762 539 3823 toto.
587 3750 755 3845 Exempli
772 3753 914 3845 gratia;
932 3752 970 3823 in
987 3750 1178 3847 parallelo—

134 3886 303 3960 grammo
331 3862 491 3951 ABCD‚
518 3862 634 3936 diviso
653 3862 725 3933 AB
749 3863 787 3935 in
813 3870 837 3935 6
858 3875 981 3959 partes
1006 3862 1177 3958 aequales,

134 3989 174 4050 et
196 3975 269 4049 Ac
296 3975 336 4048 in
363 3981 386 4048 2
412 3988 537 4071 partes
565 3979 723 4074 aequales
750 3977 831 4065 ΑΕ,
864 3976 942 4061 ΕΟ,
970 3976 1066 4049 latus
1096 3975 1179 4063 AO,

133 4112 269 4185 nempe
311 4090 493 4186 quotiens,
529 4105 585 4164 est
619 4104 655 4180 2,
691 4090 856 4163 indicans
891 4113 956 4162 sex
988 4089 1180 4185 parallelo-

133 4226 304 4300 gramma
333 4213 508 4275 contenta
540 4204 579 4275 in
614 4205 691 4276 AF
725 4202 906 4275 contineri
939 4202 996 4275 bis
1030 4202 1068 4275 in
1099 4214 1180 4275 toto

133 4315 478 4413 parallelogrammo
509 4313 593 4389 BC.
670 4315 812 4389 Deinde
847 4314 957 4411 paulo
991 4327 1086 4411 post,
1120 4313 1181 4386 abi
