2946 5010
385 393 457 461 444
528 407 583 460 ns
600 405 833 461 numerans
855 405 905 460 ar
923 405 1299 460 narrocmauronn

208 599 351 641 cmxix.
383 585 565 672 puuctum
584 576 620 648 A
643 576 691 648 sit
717 575 897 648 terminus
926 573 1187 648 semidiametri
1209 573 1303 667 DA,
1323 600 1352 650 a
1375 602 1451 676 qua

175 672 343 787 ff
385 688 605 763 describitur
633 688 930 762 circumferentia
962 687 1081 776 ABG,
1108 711 1266 762 necesse
1304 703 1372 765 est
1409 704 1451 767 ut

384 814 564 899 puuctum
577 801 612 873 A
623 801 671 874 sit
687 802 726 874 iu
743 802 823 898 ipsa
839 800 1142 875 circumferentia
1187 800 1337 875 Intulit
1355 827 1449 901 ergo

385 915 482 990 hauc
498 913 770 987 conclusionem
783 926 914 988 contra
929 915 1045 1010 ipsam
1058 912 1222 986 Euclidis
1241 928 1450 991 construc-

386 1029 537 1116 tionem,
558 1028 622 1124 qui
644 1029 818 1124 supponit
841 1026 1180 1124 perpendicularem
1196 1027 1263 1100 ΒΕ
1282 1028 1383 1103 duci
1400 1031 1448 1104 ab

174 795 332 839 dxi-suta

175 858 336 913 ssanstete-

385 1153 551 1216 extremo
581 1153 720 1237 puncto
750 1140 932 1214 diametri.
984 1140 1038 1213 At
1053 1162 1229 1213 concesso
1248 1154 1448 1237 punctum

384 1255 420 1327 A
435 1277 511 1327 non
528 1277 607 1327 esse
623 1254 662 1326 in
679 1253 986 1342 circumferentia,
1004 1251 1070 1325 sed
1085 1253 1449 1348 perpendicularem

384 1367 444 1440 ltu
462 1365 692 1440 solummodo
709 1365 839 1439 radere
855 1366 931 1438 sive
950 1377 1102 1462 tangere
1118 1365 1305 1440 circulum
1326 1368 1372 1442 iu
1392 1371 1448 1443 A:

384 1481 455 1554 erit
485 1493 609 1554 tamen
637 1493 814 1576 puuctum
841 1481 877 1553 A
898 1491 1004 1553 entra
1029 1479 1207 1553 circulum
1236 1494 1281 1553 et
1313 1483 1369 1557 ab
1400 1508 1448 1558 eo

384 1593 597 1690 separabile,
615 1617 717 1666 more
746 1594 1017 1690 contiguorum.
1069 1593 1199 1689 ltaque
1221 1591 1348 1668 ducta
1375 1621 1449 1694 per

383 1707 580 1780 terminum
594 1706 764 1780 diametri
781 1719 884 1779 recta
896 1705 1053 1802 quadam
1070 1705 1244 1801 parellela
1258 1705 1338 1803 ipsi
1359 1721 1448 1785 tan·

383 1821 485 1918 genti
503 1821 574 1908 FE,
593 1820 656 1892 illa
671 1819 780 1892 cadet
796 1820 892 1892 iuter
909 1831 1047 1892 rectam
1061 1819 1126 1891 ΑΕ
1143 1830 1182 1891 et
1198 1823 1446 1915 arcum'AB,

385 1946 515 2008 contra
527 1934 877 2008 demonstrationem
895 1933 1004 2029 hujus
1016 1933 1130 2030 partis
1146 1932 1294 2028 primae.
1353 1937 1446 2012 Per·

385 2048 630 2146 peudicularis
657 2048 756 2121 enim
785 2047 895 2120 ducta
921 2070 988 2143 per
1022 2045 1219 2119 terminum
1254 2047 1447 2127 diametri

385 2187 461 2236 non
490 2163 561 2236 erit
586 2164 665 2258 ipsa
690 2173 846 2258 tangens
863 2161 940 2250 ΑΕ,
964 2159 1029 2234 sed
1056 2160 1127 2256 ipsi
1152 2160 1348 2256 parellela,
1369 2188 1446 2240 nec

387 2276 525 2349 secabit
542 2275 731 2364 circulum,
745 2273 810 2347 sed
823 2274 972 2348 habebit
988 2285 1165 2371 punctum
1182 2297 1269 2345 cum
1289 2277 1447 2355 circulo

386 2412 590 2477 commuue,
607 2411 740 2484 nempe
757 2387 870 2484 ipsius
887 2386 1056 2460 diametri
1072 2387 1286 2460 terminum.

437 2502 578 2574 Deinde
596 2501 768 2596 quoniam
795 2502 984 2597 utriusque
1007 2499 1225 2573 semicirculi
1247 2515 1343 2576 sunt
1362 2505 1446 2582 duo

386 2616 545 2702 termini,
564 2626 672 2687 erunt
689 2615 727 2686 in
745 2613 886 2685 dnobus
904 2613 1138 2685 semicirculis
1156 2615 1365 2709 contiguis,
1391 2622 1446 2694 ad

386 2729 582 2801 terminum
610 2727 791 2811 diametri,
810 2725 882 2798 duo
900 2739 1048 2820 puncta.
1101 2725 1201 2796 Nihil
1228 2749 1323 2822 ergo
1348 2756 1444 2826 pro.

387 2841 498 2924 hibet,
519 2839 692 2933 quicquid
711 2840 758 2910 sit
775 2852 965 2933 puuctum,
985 2839 1072 2934 quin
1091 2838 1233 2910 duobus
1258 2847 1444 2920 terminis

386 2977 453 3048 pro
483 2977 557 3024 uno
588 2955 753 3047 sumptiS,
773 2953 951 3024 diameter
978 2977 1051 3023 una
1075 2976 1157 3024 cum
1179 2952 1445 3032 minutissima

386 3078 490 3161 parte
509 3090 614 3137 arcus
635 3068 734 3156 (cum
759 3066 951 3161 plusquam
975 3079 1152 3160 punctum
1169 3064 1260 3136 illud
1278 3091 1444 3161 geome.

386 3192 537 3266 trarum,
556 3179 646 3250 nihil
664 3204 856 3252 commuue
884 3180 929 3251 sit
949 3191 1059 3251 reetae
1076 3179 1379 3274 perpendiculari
1400 3200 1443 3260 et

385 3294 500 3383 arcui)
522 3294 647 3365 haberi
665 3294 804 3387 possint
827 3317 894 3387 pro
918 3292 1022 3364 lineis
1041 3316 1121 3386 quae
1139 3293 1281 3363 faciunt
1310 3319 1442 3393 angu-

385 3406 460 3477 lum
478 3418 630 3479 reetum.
683 3406 778 3478 Nam
797 3431 905 3478 crura
927 3405 1145 3498 angulorum
1162 3406 1207 3476 de
1225 3409 1356 3500 auguli
1378 3438 1441 3486 es-

385 3520 503 3590 sentia
521 3520 670 3591 omnino
688 3544 762 3590 non
781 3532 889 3590 sunt:
918 3532 955 3590 et
972 3519 1024 3590 sic
1041 3517 1173 3589 salsum
1191 3541 1338 3612 quoque
1360 3528 1441 3600 erit

386 3632 484 3725 quod
501 3633 538 3702 iu
558 3633 667 3703 tertia
688 3643 790 3725 parte
818 3630 1140 3703 demonstrationis
1167 3631 1282 3725 ponit,
1312 3656 1438 3732 angu-

384 3745 457 3816 lum
490 3769 598 3840 quem
624 3745 713 3817 facit
733 3744 1043 3838 perpendicularis
1070 3767 1153 3814 cum
1176 3766 1274 3830 areu,
1295 3754 1439 3839 quovis

383 3858 518 3953 angulo
536 3871 645 3930 acuto
665 3857 854 3929 rectilineo
874 3880 951 3928 esse
969 3856 1159 3927 minorem.

434 3972 545 4046 Porro
564 3970 602 4042 in
620 3969 780 4042 secunda
798 3982 835 4040 et
853 3969 961 4041 tertia
978 3982 1081 4063 parte
1100 3970 1437 4050 demonstrationis

383 4084 435 4155 sie
453 4084 540 4154 dicit
558 4112 565 4155 :
601 4083 777 4167 Quoniam
794 4091 975 4152 ostensum
992 4091 1047 4152 est
1064 4105 1198 4153 omnem
1216 4090 1362 4154 rectam
1383 4115 1437 4163 ex

384 4198 428 4282 A,
448 4197 593 4267 ductam
621 4197 655 4267 ie
677 4221 724 4267 ro
747 4192 1098 4291 perpendicularem
1116 4195 1190 4280 ΑΕ,
1210 4194 1350 4267 cedere
1371 4201 1436 4272 in-

384 4320 447 4381 tro
465 4310 651 4397 circulum,
668 4310 798 4405 saciet
825 4308 1033 4381 necessario
1060 4333 1104 4379 ea
1133 4307 1232 4379 linea
1248 4332 1326 4378 eum
1346 4311 1434 4403 AC,
