2946 5010
390 417 971 470 nncnanamcmuonmnnm.
1135 405 1208 469 223

215 582 413 658 Ostensum
444 586 542 658 enim
577 598 643 674 est,
676 585 774 681 quod
810 595 978 657 centrum
1016 583 1209 680 gravitatis
1244 609 1395 650 nummu

166 698 386 772 semicirculi
415 701 566 774 ABCD
591 713 647 772 est
664 700 702 771 in
721 709 823 772 recta
841 699 921 786 Ac,
940 722 1023 794 quoe
1040 722 1063 770 a
1081 708 1209 770 centro
1250 691 1395 794 ,ζῇ

165 809 199 880 A
214 809 344 884 dividit
362 813 632 885 semicirculum
650 811 796 885 ABCD
814 811 1005 895 bifariam3
1025 810 1210 906 distatque

165 945 188 993 a
204 936 342 1017 puncto
361 925 395 997 A
411 938 557 998 tantum
585 940 725 1020 quanta
744 935 800 997 est
818 924 901 1012 AO,
919 923 959 997 id
985 935 1054 1010 est,
1073 934 1211 1019 quanta

166 1048 223 1108 est
241 1036 323 1110 duae
341 1039 585 1134 quindecimae
602 1052 715 1111 rectae
736 1039 817 1129 DF,
846 1039 922 1111 sive
950 1061 1059 1111 arcus
1087 1036 1208 1110 BCD.

167 1149 241 1221 Sed
258 1151 296 1223 in
314 1153 483 1226 omnibus
499 1154 737 1226 semicirculis
749 1163 877 1226 centra
890 1151 1083 1248 gravitatis
1099 1151 1210 1223 situm

166 1262 306 1338 habent
318 1266 485 1340 similem.
538 1268 663 1342 Quare
687 1279 855 1340 centrum
879 1266 1072 1362 gravitatis
1103 1264 1210 1336 semi-

167 1376 306 1466 circuli,
325 1383 430 1476 cujus
448 1381 627 1454 diameter
651 1392 707 1454 est
723 1381 804 1469 DF,
820 1379 948 1453 distat
965 1404 988 1452 a
1004 1388 1144 1475 puncto
1176 1377 1210 1450 D

165 1502 311 1564 tantum
337 1507 476 1589 quanta
501 1505 556 1567 est
584 1494 667 1567 duae
695 1493 938 1588 quindecimae
966 1515 1073 1565 arcus
1102 1492 1211 1563 semi-

165 1604 305 1690 circuli,
324 1609 428 1702 cujus
442 1608 622 1680 diameter
632 1618 688 1679 est
701 1606 783 1694 DF,
802 1605 953 1700 aequalis
970 1605 1072 1677 arcui
1090 1604 1208 1677 BCD.

166 1718 234 1790 Est
260 1729 384 1790 autem
414 1743 521 1793 arcus
545 1719 777 1806 semicirculi,
805 1719 910 1813 cujus
944 1717 1125 1790 diameter
1156 1730 1212 1792 est

167 1830 316 1926 aequalis
334 1833 437 1905 arcui
456 1833 574 1919 BCD,
586 1832 736 1928 aequalis
753 1832 832 1927 (per
842 1855 947 1928 prop.
966 1831 1031 1924 ii*)
1049 1832 1211 1926 quinque

167 1944 381 2034 semiradiis,
414 1946 490 2018 sive
518 1945 722 2042 quintuplae
750 1944 830 2018 ΒΟ.
884 1945 1013 2040 Itaque
1044 1954 1212 2017 centrum

166 2058 358 2152 gravitatis
390 2059 503 2133 distat
532 2084 555 2133 a
582 2071 709 2132 centro
737 2059 783 2147 D,
812 2068 958 2130 tantum
984 2068 1125 2153 quanta
1154 2070 1212 2130 est

167 2169 250 2243 duae
267 2172 511 2266 quindecimas
525 2173 728 2269 quintuplae
746 2169 832 2260 AB,
850 2171 889 2243 id
906 2182 974 2258 est,
994 2170 1077 2243 duae
1091 2170 1211 2244 tertiae

167 2283 352 2358 semiradii
370 2284 457 2359 AB.
510 2285 621 2360 Quod
635 2296 715 2359 erat
733 2281 1073 2357 demonstrandum.

221 2396 390 2470 Conseri.
459 2398 557 2471 Dato
592 2408 720 2471 centro
750 2396 944 2492 gravitatis
978 2395 1211 2484 semicirculi,

168 2508 278 2582 datur
313 2534 460 2606 quoque
495 2522 664 2584 centrum
698 2510 890 2607 gravitatis
926 2509 1068 2582 dimidii
1108 2510 1211 2605 ejus;

168 2633 278 2718 atque
292 2624 404 2696 etiam
423 2624 619 2720 cujuslibet
637 2625 790 2698 sectoris
822 2624 885 2719 qui
915 2625 964 2698 sit
992 2623 1214 2698 semicirculi

168 2737 371 2831 quotalibet
388 2761 486 2832 pars.

219 2848 269 2922 B.
296 2850 489 2940 Methodo,
503 2863 545 2924 ut
562 2851 720 2939 videtur,
738 2851 867 2924 eadem
885 2875 958 2946 qua
975 2863 1101 2924 centra
1127 2875 1212 2948 gra-

168 2961 291 3035 vitatis
312 2963 474 3059 partium
491 2965 648 3060 cylindri
669 2964 760 3038 facti
787 2988 809 3036 a
840 2964 1078 3037 conversione
1111 2964 1212 3059 plani

169 3074 240 3148 DG
259 3076 357 3149 circa
375 3076 445 3149 DF
461 3078 612 3151 inventa
626 3090 723 3166 sunt,
737 3077 894 3150 inveniri
919 3089 1073 3173 possunt
1100 3077 1212 3149 etiam

169 3201 297 3264 centra
322 3193 516 3286 gravitatis
541 3195 701 3289 partium
730 3192 885 3290 cylindri
912 3191 1001 3265 facti
1019 3215 1041 3263 a
1058 3216 1212 3265 conver·

169 3304 272 3376 sione
290 3304 455 3400 ejusdem
473 3307 572 3402 plani
591 3306 663 3379 DG
681 3306 780 3378 circa
797 3303 884 3378 DB.
937 3304 1039 3378 Quid
1062 3327 1150 3400 ergo
1169 3328 1213 3378 ea

169 3440 251 3511 quae
266 3429 407 3490 restant
423 3442 499 3492 non
515 3419 769 3491 demonstras?

220 3530 269 3604 A.
297 3531 431 3619 Primo,
458 3532 545 3628 quia
566 3532 646 3605 haec
663 3544 794 3628 parata
810 3530 944 3613 habui3
974 3540 1212 3602 caeteranon-

169 3642 258 3716 dum
271 3644 540 3739 contemplatus
557 3668 648 3717 sum.
703 3643 886 3731 Secundo,
905 3642 992 3738 quia
1005 3642 1075 3714 alia
1092 3642 1212 3737 figura

170 3755 411 3830 describenda
428 3768 534 3846 esset,
553 3759 591 3831 in
620 3782 693 3853 qua
719 3756 981 3841 semicirculus,
1000 3757 1104 3851 cujus
1134 3754 1212 3828 dia-

169 3882 287 3943 meter
300 3882 356 3943 est
367 3871 442 3959 DF,
451 3883 547 3945 esset
561 3871 834 3959 describendus
841 3883 879 3941 et
891 3893 966 3942 non
976 3868 1211 3964 paucioribus

169 3983 274 4055 lineis
301 4006 411 4078 quam
438 3984 518 4057 haec
536 3997 689 4058 onerata
707 3996 774 4073 est,
804 3982 1017 4064 oneranda;
1044 3980 1083 4053 id
1114 3980 1214 4076 qnod

169 4097 260 4169 mihi
278 4096 426 4192 quidem
446 4121 568 4194 operae
580 4099 740 4194 pretium
752 4120 916 4172 essenon
928 4096 1085 4169 videtur.
1115 4094 1213 4168 Nam

210 4356 227 4390 ⁴
240 4356 365 4416 Frustra
378 4366 526 4432 quaeretur
540 4359 570 4415 in
584 4368 712 4418 tractatu
727 4360 781 4417 hoc
795 4358 956 4434 propositio
972 4358 1171 4434 supracitata
