2946 5010
303 394 349 460 54
514 408 782 463 nxruruauro
803 411 853 464 au
872 411 1119 465 annuorum

118 600 265 643 unrocus
303 597 383 648 esse
400 575 680 649 convertibilia?
717 576 910 669 Praeterea,
928 579 1131 676 quinques
1146 587 1228 645 πέντε
1248 575 1339 649 ridi-

119 682 263 786 ,ᾗ
303 691 385 763 cule
415 688 576 780 deducit,
605 700 715 786 atque
748 692 861 766 etiam
888 692 1133 789 impudenter,
1160 688 1340 763 mutando

302 815 353 872 τέτ
370 804 408 877 in
426 801 526 900 quin,
545 816 584 877 et
598 836 627 872 n
646 805 685 877 in
701 829 783 902 que.

351 917 402 989 B.
428 916 560 989 Fateor
578 915 830 992 duriusculum
847 918 1028 993 essehoc.

351 1028 401 1103 A.
427 1030 463 1104 N
465 1053 507 1104 ec
527 1031 647 1105 minus
663 1040 803 1105 centum
818 1033 866 1115 ab
882 1041 1000 1117 ἕωτοτ;
1026 1040 1065 1104 et
1081 1029 1183 1104 mille
1202 1054 1227 1103 a
1241 1040 1341 1121 μύρια,

301 1144 360 1218 vel
376 1143 499 1239 potius
516 1153 636 1231 αμΰρτα
652 1155 690 1218 et
706 1159 791 1233 χίλια
804 1176 814 1230 ;
841 1156 878 1219 et
894 1154 1054 1243 quotuor
1071 1168 1094 1219 a
1109 1154 1251 1231 τέτταρες.

350 1257 400 1330 Β.
427 1257 582 1331 Memini
602 1281 687 1331 eum
708 1281 732 1330 a
746 1270 874 1345 τέτταρες
898 1257 1119 1355 processisse
1143 1254 1192 1329 ed
1216 1266 1342 1343 τέτταρες

302 1369 572 1457 Atticum,inde
582 1369 630 1442 ad
639 1369 824 1467 poeticum
836 1381 958 1460 τίτυρττ,
969 1370 1055 1444 iude
1065 1369 1114 1444 ad
1127 1386 1245 1458 τίτῳττ,
1254 1388 1342 1462 pos·

301 1493 420 1555 tremo
433 1482 480 1555 ed
498 1482 728 1556 (lumbricum
738 1483 900 1579 pedwar
914 1495 953 1557 et
964 1484 1196 1558 Armoricum
1208 1504 1340 1577 peoor.

302 1595 353 1667 At
370 1619 393 1668 a
408 1611 507 1682 τίτττρα
525 1594 583 1667 vel
599 1606 712 1681 τέτταρα
724 1594 783 1666 vel
795 1606 894 1683 :tropa
903 1595 1020 1669 facilis
1033 1607 1089 1670 est
1102 1593 1279 1669 transitus
1292 1590 1342 1664 ed

302 1716 474 1805 quotuor,
491 1717 641 1802 propter
658 1707 874 1780 affinitatem
896 1708 1086 1782 literarum
1105 1732 1138 1806 p
1161 1718 1200 1779 et
1225 1729 1276 1803 qu
1300 1704 1341 1777 in

302 1820 489 1918 quispiam
505 1832 544 1893 et
560 1821 767 1918 quicquum,
784 1821 955 1917 nuspiam
972 1832 1011 1894 et
1027 1842 1216 1919 nusquam.

352 1933 401 2007 A.
429 1933 575 2007 Credin'
593 1934 645 2006 ita
663 1932 768 2007 esse?

352 2048 402 2122 B.
430 2047 515 2121 Scio
533 2047 734 2120 Massiliam
754 2046 865 2120 fixisse
891 2045 1132 2120 Phoceusium
1158 2042 1342 2117 coloniam

303 2161 516 2245 AEolorum;
555 2160 678 2255 itaque
704 2182 838 2233 nomen
862 2170 976 2248 τέττρτ,
1010 2158 1042 2231 si
1068 2156 1251 2230 AEolicum
1282 2155 1341 2244 sit,

303 2274 466 2370 potuisse
482 2296 505 2345 a
522 2272 812 2346 Massiliensibus
828 2272 953 2344 venire
970 2271 1018 2344 ed
1035 2269 1171 2344 Gallos.
1217 2269 1342 2343 Gallo-

305 2412 386 2460 rum
411 2387 557 2461 colouia
579 2399 685 2458 erant
708 2385 868 2475 Cambri,
895 2408 960 2458 seu
975 2384 1098 2459 Walli.
1150 2384 1223 2457 Cur
1251 2407 1342 2479 ergo

304 2523 379 2573 non
394 2499 516 2595 potuit
533 2522 578 2570 ex
594 2511 707 2588 τέτορα,
725 2497 756 2570 si
773 2522 856 2587 vox,
879 2498 1042 2594 inquam,
1060 2520 1105 2571 eo
1121 2497 1170 2570 sit
1185 2496 1342 2584 AEolica‚

304 2614 384 2686 fieri
394 2615 550 2711 pecare

354 2726 403 2797 Α.
431 2724 564 2797 Potuit.
605 2722 678 2795 Sed
694 2720 792 2795 unde
806 2721 937 2795 didicit
954 2722 1014 2795 ille
1031 2731 1188 2821 quotuor
1201 2720 1343 2795 AEolice

305 2837 377 2910 dici
394 2850 510 2927 τέτορα,
528 2848 592 2908 aut
609 2836 757 2909 omnino
775 2860 902 2910 vocem
928 2836 1027 2909 illam
1052 2860 1131 2910 esse
1149 2833 1342 2910 Graecum?

352 2948 399 3022 Β.
426 2949 535 3022 Forte
552 2948 616 3044 qui
639 2973 706 3045 pro
732 2959 834 3022 certo
854 2949 1013 3022 habebat
1030 2974 1158 3023 vocem
1184 2958 1344 3047 quotuor

303 3086 326 3135 a
342 3086 433 3135 voce
450 3072 551 3148 τέτορα
570 3061 773 3133 derivatum
791 3084 882 3150 esse,
899 3085 968 3134 uec
986 3063 1134 3136 videbat
1157 3061 1343 3157 quomodo

304 3175 343 3247 id
359 3175 465 3248 aliter
482 3174 561 3247 fieri
584 3175 717 3268 potuit,
736 3174 903 3247 dubitare
921 3175 1039 3248 noluit
1065 3175 1154 3271 quin
1177 3175 1229 3248 ibi
1246 3187 1345 3249 esset

304 3313 375 3364 vox
398 3303 497 3376 τέτρρα
523 3288 731 3384 ubicunque
757 3297 854 3361 esset
871 3299 1001 3377 τίττρττ,
1028 3300 1066 3363 et
1086 3288 1219 3361 debere
1240 3297 1344 3374 πίτυρα

303 3403 398 3476 verti
416 3402 540 3476 Attice
557 3402 595 3474 in
612 3418 740 3492 τίτττρρ,
758 3415 797 3475 et
812 3413 941 3498 postea
962 3402 1001 3475 in
1018 3415 1130 3492 τέτορα,
1158 3412 1202 3474 ut
1225 3400 1344 3475 facilis

304 3528 401 3591 esset
425 3515 600 3588 transitus
618 3513 664 3587 ad
681 3525 852 3612 quotuor.

354 3631 402 3703 Α.
428 3629 548 3704 Julius
579 3628 742 3725 Scaliger
773 3628 922 3701 deducit
946 3650 1092 3724 quoque
1117 3635 1279 3724 quotuor
1305 3635 1344 3698 et

304 3741 465 3841 quinque
491 3765 514 3814 a
544 3740 676 3813 Graeca
701 3740 853 3836 origine,
882 3740 947 3813 sed
977 3740 1093 3812 aliter.
1145 3738 1343 3828 Nimirum,

304 3880 389 3928 cum
411 3854 673 3951 antiquissimis
695 3853 920 3949 temporibus
945 3854 1017 3928 tria
1041 3862 1186 3925 tantum
1215 3874 1344 3924 nume-

305 3992 430 4041 rorum
447 3969 597 4042 uomina
609 3968 799 4057 haberent,
818 3976 860 4053 ἔτ,
874 3978 931 4050 δύο,
944 3985 1018 4057 τρία,
1033 3966 1205 4039 dicebaut
1218 3963 1344 4060 digitis

305 4092 538 4154 numerantes
554 4094 638 4177 post
654 4095 727 4173 τρία,
741 4091 871 4170 χᾶτερον,
886 4091 923 4152 et
940 4091 1026 4174 post
1042 4088 1200 4174 quatuor
1218 4092 1245 4149 τὶ
1259 4089 1290 4149 ἔτ
1302 4087 1343 4168 τὲ,

306 4217 387 4288 quae
405 4193 525 4266 Latini
542 4194 835 4291 pronunciabant
852 4200 1012 4290 quotuor
1030 4203 1068 4266 et
1084 4190 1254 4290 quinque.

355 4307 404 4381 B.
431 4307 607 4383 Subtilius
627 4307 801 4403 Scaliger,
822 4307 886 4380 sed
904 4317 1059 4402 uterque
1076 4307 1283 4401 nugatorie.
