2946 5010
464 417 742 471 escensurus
760 416 952 471 uursrcn.
1154 404 1228 471 333

190 583 384 682 imaginari
416 608 609 682 possumus
639 586 751 660 ulium
782 609 893 681 quam
922 608 1033 682 quem
1058 582 1229 674 vidimuS,

190 721 309 793 neque
336 698 449 771 ulium
477 723 587 795 quum
614 699 678 796 qui
706 699 753 773 ab
780 722 877 795 aqua
899 698 1065 796 extingui
1092 708 1228 795 potest.

190 811 328 885 Verum
345 833 420 884 non
439 811 548 886 modo
565 835 632 908 per
647 812 799 908 globum
810 812 970 885 vitreum
986 810 1046 883 vel
1062 809 1230 884 cristalli-

191 949 280 998 num
296 924 452 998 solidum
469 926 734 1000 comburuntur
747 924 1027 1013 combustibilis,
1041 922 1230 997 sedetiam

191 1062 258 1134 per
285 1039 435 1136 globum
463 1063 665 1113 concavum
695 1038 821 1133 (modo
850 1048 887 1112 et
914 1037 1138 1133 diaphonnm
1164 1033 1228 1130 sit)

191 1151 342 1248 plenum
374 1174 490 1247 aquae.
544 1151 740 1226 Quomodo
775 1174 863 1247 ergo
889 1150 984 1223 radii
1014 1148 1111 1239 solis,
1139 1170 1232 1245 quos

192 1263 366 1361 supponis
383 1263 524 1360 igneos,
535 1264 690 1338 transire
703 1287 836 1362 uquam
847 1273 1001 1361 possunt
1017 1274 1060 1336 ut
1076 1284 1151 1336 nou
1168 1284 1233 1334 ox·

192 1375 421 1472 tinguantur.

242 1488 291 1562 A.
318 1488 464 1562 Nescio.
522 1489 602 1563 Nec
633 1488 827 1585 quicquum
857 1511 1074 1585 corporeum
1103 1511 1126 1561 a
1155 1486 1231 1560 sole

193 1602 313 1676 emitti
340 1614 441 1699 puto.
494 1602 574 1675 Nec
598 1601 629 1674 si
654 1601 896 1691 emitteretur,
920 1600 1123 1697 intelligere
1148 1623 1232 1697 pos·

193 1738 274 1788 sum
291 1739 363 1812 quo
380 1726 489 1812 puoto
500 1714 718 1810 Jomdudum
731 1715 787 1788 sol
803 1715 881 1812 ipse
897 1737 973 1789 non
992 1726 1230 1810 consumptus

193 1826 316 1901 fuerit.

623 2380 728 2456 CAP.
754 2380 799 2454 V.

355 2577 635 2630 Pronunusus
653 2579 706 2630 nn
727 2577 842 2632 nuno
861 2578 913 2630 nu
930 2577 1075 2631 uonur.

247 2730 295 2803 A.
324 2730 439 2805 Quin
458 2730 590 2804 durum
608 2733 781 2830 appellus,
800 2733 890 2829 quid
904 2731 1036 2807 molle?

249 2843 297 2914 B.
325 2844 468 2916 Durum
485 2845 628 2942 appello
641 2869 722 2943 ego,
737 2857 774 2919 et
791 2870 935 2920 mecum
953 2869 1092 2935 omnes,
1103 2868 1235 2943 corpus

197 2955 287 3029 illud
305 2957 408 3052 cujus
424 2981 510 3053 pars
526 2959 609 3033 loco
627 2983 692 3033 suo
709 2982 786 3033 non
801 2959 909 3034 facile
933 2961 1140 3034 dimovetur
1164 2958 1236 3032 nisi

198 3069 352 3143 cedente
369 3082 458 3144 toto.
487 3071 650 3169 Corpora
667 3083 800 3147 caetera
812 3073 955 3171 appello
969 3071 1104 3146 mollia.
1131 3071 1235 3144 Adeo

198 3195 241 3255 ut
259 3182 411 3256 durities
428 3195 467 3256 et
485 3184 653 3259 mollities
676 3186 750 3259 sint
775 3185 892 3259 ultera
913 3184 1063 3259 alterius
1085 3183 1233 3280 gradus.

248 3292 295 3366 A.
324 3295 430 3368 Unde
448 3309 505 3369 est
529 3297 628 3392 quod
652 3321 786 3394 corpus
808 3297 908 3371 alind
928 3297 1001 3370 alio
1024 3295 1151 3370 durius
1174 3296 1235 3386 sit,

198 3408 255 3479 vel
272 3407 459 3503 (quoniam
473 3410 609 3506 gradus
621 3411 724 3504 sunt)
740 3411 903 3484 mollius:
916 3422 1028 3507 atque
1041 3408 1139 3483 idem
1153 3431 1235 3483 cor-

199 3542 267 3615 pus
283 3520 394 3594 modo
413 3520 552 3613 durius,
571 3521 680 3597 modo
698 3523 871 3596 mollius?

248 3632 297 3705 B.
326 3632 447 3707 Causa
465 3636 541 3730 ejus
559 3635 613 3708 rei
631 3646 686 3708 est
710 3635 808 3708 idem
830 3635 893 3708 ille
914 3645 1037 3709 motus
1061 3633 1235 3732 partium,

200 3769 308 3842 quem
325 3770 349 3819 o
364 3748 544 3844 principio
562 3749 601 3822 in
620 3749 705 3839 sole,
726 3761 836 3838 terro,
854 3760 892 3823 et
914 3748 1023 3822 ostris
1045 3747 1237 3844 supposui-

199 3883 303 3933 mus:
341 3873 379 3933 et
413 3861 509 3935 unde
542 3887 617 3937 non
651 3863 761 3937 modo
793 3862 1024 3959 gravitatem,
1055 3870 1093 3934 et
1125 3858 1237 3932 moris

201 3985 324 4060 aestus,
350 3973 413 4047 sed
439 3974 550 4047 etiam
580 3974 739 4050 calorem
765 3986 803 4049 et
829 3974 950 4047 lucem
979 3971 1236 4046 derivavimus·

202 4086 277 4161 Qui
302 4110 384 4159 cum
408 4111 483 4160 uon
507 4088 555 4161 sit
576 4088 675 4162 circa
697 4100 865 4162 centrum
887 4085 1003 4184 portis
1026 4083 1091 4158 sed
1113 4095 1237 4158 motus

201 4200 314 4295 ipsius
343 4201 471 4291 centri,
497 4225 571 4275 nou
600 4212 655 4275 est
681 4225 824 4299 semper
850 4199 1012 4298 perfecte
1039 4197 1238 4273 circularis.

202 4313 289 4387 Nou
307 4314 405 4388 enim
422 4338 443 4389 a
461 4315 697 4390 circulatione
715 4326 769 4390 est
787 4313 886 4412 quod
904 4336 967 4388 aer
990 4312 1184 4403 laceratur,
1201 4324 1240 4387 et

1275 608 1344 650 CAP.
1355 608 1398 650 1v.

1268 677 1413 712 κ-Ὑ-α

1280 736 1315 780 Do
1325 735 1397 781 culon

1279 800 1368 846 etluos.
