2946 5010
690 1149 755 1220 AD
783 1147 1058 1221 LECTOREM.

301 1562 460 1645 Qulsuuls
474 1582 508 1625 es
523 1561 576 1646 qui
592 1561 774 1648 Physionm,
790 1563 824 1626 id
843 1568 903 1640 est,
929 1560 1096 1626 seientiam
1121 1581 1290 1625 causarum
1317 1567 1450 1626 natura-

298 1678 387 1756 lium,
398 1701 461 1743 non
477 1680 509 1742 in
526 1687 559 1744 te
574 1680 645 1765 ipso
660 1680 785 1765 quaeris,
802 1680 906 1745 sedin
922 1679 1012 1744 libris
1021 1679 1257 1765 magistrorum,
1270 1680 1451 1743 cavendum

299 1799 359 1864 tibi
374 1808 425 1865 est
439 1822 479 1864 ne
494 1809 553 1865 nut
573 1823 687 1886 parum
711 1802 882 1887 intelligas,
897 1808 956 1865 aut
982 1800 1146 1865 intellecta
1171 1821 1236 1862 non
1261 1806 1352 1863 reete
1378 1823 1449 1885 sup-

297 1924 400 2004 putes.
448 1918 574 1983 Natura
589 1919 696 1983 omnia
710 1942 768 2004 per
782 1920 963 1983 conflictum
978 1919 1047 2004 agit
1062 1940 1240 2004 corporum,
1251 1925 1361 1982 motus
1377 1942 1450 1984 suos

296 2039 357 2103 sibi
371 2045 483 2104 mutuo
499 2039 757 2124 imprimentium,
781 2039 899 2125 Itaque
914 2039 948 2103 in
962 2039 1111 2103 oonfliotu
1127 2039 1262 2102 duorum
1277 2061 1450 2124 corporum

296 2166 365 2225 tom
379 2160 549 2224 fluidorum
564 2182 659 2245 quam
675 2161 837 2239 durorum,
853 2160 880 2225 si
906 2160 1068 2246 intelligas
1091 2160 1124 2223 in
1149 2167 1288 2243 utroque
1315 2182 1449 2246 corpore

298 2279 401 2365 qualis
415 2279 475 2343 lint
489 2285 605 2356 motus,
621 2279 654 2342 id
670 2287 729 2357 est,
746 2301 810 2364 qua
824 2279 876 2344 via
897 2288 931 2343 et
955 2287 1104 2364 quantus,
1128 2279 1170 2342 ad
1198 2277 1374 2362 Physieem
1397 2302 1448 2344 eo·

296 2401 390 2466 aedes
401 2401 503 2465 leotor
518 2422 582 2463 non
597 2400 775 2478 inidoneus,
792 2408 827 2466 et
842 2407 985 2465 motuum
995 2422 1118 2477 causes,
1130 2407 1217 2465 reete
1228 2404 1447 2486 supputando,

297 2521 438 2586 invenies
464 2519 579 2584 saltem
604 2520 794 2603 probabiles.
842 2521 1002 2587 (laeterunr
1028 2520 1055 2583 si
1079 2518 1272 2583 dictionibus
1297 2521 1447 2586 inanibus

297 2648 477 2715 contentus,
493 2639 651 2704 videberis
667 2640 727 2703 tibi
754 2640 930 2725 intelligere
955 2662 1025 2725 quae
1050 2639 1184 2724 intelligi
1208 2661 1274 2702 non
1301 2651 1445 2724 possunt,

296 2768 390 2824 tanto
405 2760 527 2823 errabis
542 2760 653 2845 magis,
670 2767 790 2844 quanto
806 2761 923 2823 rectius
939 2759 1178 2823 ratiocinabere.
1212 2758 1252 2821 ln
1267 2759 1360 2822 libris
1370 2761 1446 2845 phy-

298 2880 435 2943 sioorum
450 2879 553 2943 mulla
568 2887 738 2943 oeeurrunt
753 2903 822 2964 quae
837 2881 909 2963 oapi
924 2903 986 2942 non
1000 2887 1151 2963 possunt:
1170 2880 1277 2963 qualia
1289 2890 1446 2966 suntquae

298 3000 448 3064 dicuntur
463 3000 503 3062 do
518 2999 731 3063 rarelaetione
746 3008 780 3063 ot
794 3000 1053 3074 condensatione
1071 3000 1111 3063 ‹le
1126 3001 1318 3063 substantiis
1335 3002 1445 3066 imina

297 3119 473 3190 terialibus,
491 3118 531 3182 do
546 3117 702 3194 essentiis,
720 3126 753 3183 et
767 3118 832 3182 alia
847 3120 949 3182 multa
963 3144 969 3181 :
984 3142 1055 3203 queo
1070 3119 1096 3180 si
1113 3120 1269 3182 conabere
1285 3121 1446 3205 explicare

297 3240 401 3305 verbis
416 3237 552 3314 illorum,
568 3236 697 3321 inepte:
723 3239 750 3301 si
765 3238 839 3315 tuis,
857 3239 935 3301 nihil
951 3239 1047 3302 dices.
1095 3238 1172 3301 Haeo
1199 3239 1342 3303 monitus
1366 3241 1444 3327 loge,

293 3359 412 3443 judica,
429 3357 565 3443 ignosce.
614 3357 707 3421 Vale.
