2946 5010
115 627 183 668 CAP-
198 628 240 670 IV.

111 697 253 730 n-ae-u

121 753 237 799 Dantur·

122 818 212 865 alnou

295 419 368 485 328
567 432 845 487 PROBIAEMATA
864 433 1057 487 rurales.

292 623 360 697 per
388 599 552 674 laborem
576 601 808 698 iactitantur,
838 600 972 674 mirum
1001 624 1077 674 non
1107 608 1162 673 est
1190 600 1221 673 si
1247 624 1334 696 pars

296 736 425 786 eorum
441 713 564 809 aliqua
580 713 694 788 etiam
708 714 888 811 ejiciatur.

343 826 394 900 A.
420 826 542 900 Multa
554 837 642 900 sunt
659 850 743 923 quae
758 826 944 900 bominem
963 824 1182 899 calefaciunt
1198 826 1334 922 absque

293 939 394 1014 omni
417 939 551 1014 sudore
572 950 611 1014 et
627 939 869 1030 exhalatione,
885 950 930 1013 ut
945 939 1118 1029 caustica,
1136 940 1277 1028 urticae,
1297 953 1335 1012 et

292 1052 366 1127 aha

343 1166 394 1242 Β.
420 1166 685 1242 Proculdubio:
713 1166 779 1241 sed
805 1191 879 1241 non
902 1167 981 1241 sine
1010 1173 1196 1240 contactu.
1247 1164 1333 1237 Non

293 1284 391 1358 enim
404 1297 605 1380 operantur
621 1310 644 1360 a
660 1284 845 1359 distantia.

342 1396 391 1472 A.
421 1396 616 1472 Quomodo
634 1406 689 1472 est
706 1397 807 1471 calor
823 1419 933 1471 causa
949 1395 1054 1484 lucis,
1071 1393 1181 1490 idque
1194 1393 1233 1466 in
1251 1416 1332 1465 cor-

292 1510 443 1608 poribus
470 1508 652 1606 aliquibus
679 1510 808 1606 magis,
834 1509 1014 1605 aliquibus
1041 1506 1186 1581 minus?
1238 1507 1333 1579 Sunt

292 1623 404 1697 etiam
421 1622 605 1718 inquibus
621 1623 742 1697 lucem
758 1622 961 1720 producere
985 1645 1173 1717 nunquam
1199 1630 1331 1717 potest.

342 1732 390 1807 Β.
418 1733 530 1808 Calor
546 1759 622 1809 non
640 1746 696 1808 est
713 1758 824 1809 causa
839 1734 953 1808 lucis:
980 1735 1100 1808 sedin
1119 1732 1332 1828 corporibus

291 1846 418 1921 multis
431 1845 558 1920 eadem
576 1871 698 1937 causa,
716 1848 839 1936 idest,
857 1847 954 1920 idem
972 1857 1105 1935 motus,
1125 1857 1181 1919 est
1197 1845 1332 1918 utrius-

293 1984 364 2058 que
381 1970 460 2034 tum
477 1959 569 2034 lucis
587 1972 666 2033 tum
680 1960 823 2034 caloris.
875 1960 961 2033 Non
978 1971 1065 2033 sunt
1079 1983 1168 2055 ergo
1185 1958 1282 2031 inter
1293 1981 1332 2031 se

292 2073 394 2148 calor
410 2084 447 2148 et
465 2073 540 2163 lux,
555 2085 601 2146 ut
615 2097 725 2148 cansa
744 2086 783 2148 et
800 2074 964 2162 effectus,
982 2072 1046 2146 sed
1063 2074 1215 2147 effectus
1235 2074 1267 2168 ej
1273 2095 1333 2145 us·

292 2186 377 2261 dem
394 2209 514 2261 causae
529 2186 679 2284 gemini.

342 2301 393 2374 A.
421 2300 505 2375 Quo
521 2299 662 2398 pacto?

339 2411 389 2487 Β.
414 2413 694 2510 Apparitionem
707 2414 787 2488 fieri
804 2413 896 2488 lucis
910 2413 981 2486 sois
994 2425 1081 2486 ante
1094 2411 1230 2500 oculos,
1242 2435 1334 2507 qua-

292 2548 436 2621 cunque
453 2537 608 2621 spectas,
627 2527 738 2600 etiam
755 2526 933 2615 fricando,
947 2524 1159 2622 premendo,
1173 2525 1232 2597 vel
1248 2549 1331 2620 per-

292 2638 464 2712 cutiendo
479 2638 635 2711 oculum.
672 2640 716 2711 Id
730 2640 828 2736 quod
841 2640 988 2713 aliunde
998 2639 1098 2711 nasci
1112 2662 1185 2710 non
1196 2651 1331 2733 potest,

293 2776 402 2847 qnam
430 2775 452 2823 a
474 2752 708 2825 restitutione
732 2752 890 2848 partium
918 2753 1014 2825 oculi
1038 2752 1152 2847 pressi
1167 2751 1225 2823 vel
1248 2776 1331 2847 per-

292 2864 387 2936 cussi
415 2862 461 2935 ad
489 2863 600 2935 sitnm
624 2864 840 2937 naturalem.
893 2865 1025 2938 Nonne
1050 2863 1104 2936 sol
1130 2864 1331 2958 rejiciendo

292 3000 414 3049 aerem
431 2976 577 3049 oculum
590 2979 751 3073 premit?
803 2979 936 3050 Nonne
955 3002 1107 3073 corpora
1126 2977 1332 3049 illuminata

292 3090 391 3163 idem
426 3090 577 3179 faciunt,
623 3091 708 3164 licet
748 3092 913 3178 debilius,
954 3115 1019 3187 per
1058 3090 1330 3163 reflectionem?

292 3204 414 3277 Etiam
432 3227 572 3299 organa
588 3204 749 3294 visionis,
768 3205 906 3293 oculuS,
920 3227 995 3292 cor,
1010 3204 1212 3292 cerebrum,
1231 3228 1332 3299 pres-

292 3319 384 3391 sioni
410 3318 502 3389 aeris
530 3318 667 3390 resistit
691 3342 757 3413 per
775 3330 948 3391 conatum
966 3318 1191 3389 contrarium
1210 3316 1257 3388 ad
1275 3341 1331 3388 re-

293 3433 522 3505 stitutionem
535 3456 660 3505 versus
679 3446 841 3506 externa.
885 3434 959 3505 Cur
978 3456 1064 3527 ergo
1083 3455 1156 3503 non
1175 3432 1331 3503 oriretur

292 3546 472 3641 apparitio
490 3545 580 3618 lucis
597 3557 682 3618 ante
701 3546 838 3636 oculos,
856 3570 959 3642 aeque
977 3569 1020 3618 ac
1044 3545 1083 3616 in
1111 3544 1207 3616 oculi
1231 3568 1330 3638 pres-

293 3659 394 3732 sione
411 3658 469 3731 vel
486 3659 748 3753 percussione?

343 3771 392 3845 A.
420 3772 579 3862 Orietur‚
597 3797 673 3845 non
690 3797 796 3868 nego.
850 3772 923 3845 Sed
945 3770 1035 3844 illud
1062 3769 1159 3866 quod
1178 3782 1330 3865 apparet

292 3911 315 3958 a
341 3883 584 3981 percussione,
611 3884 699 3981 quid
726 3886 810 3958 est?
862 3885 963 3957 Nihil
994 3884 1091 3956 enim
1118 3907 1216 3955 nuno
1244 3895 1330 3956 ante

292 3998 437 4070 oculum
455 4007 521 4086 est,
539 3998 639 4093 quod
655 4022 728 4070 non
747 3998 798 4070 ibi
811 4009 890 4070 erat
907 3997 1019 4092 prius.
1065 3997 1162 4068 Nam
1180 3996 1210 4068 si
1225 4009 1330 4080 esset,

292 4109 478 4184 videretur
496 4112 617 4206 potins
635 4112 680 4184 ab
699 4112 801 4184 aliis:
830 4111 887 4184 vel
904 4112 933 4184 si
958 4124 1066 4184 nocte
1094 4112 1210 4198 fieret,
1228 4110 1330 4182 locus

292 4224 354 4295 ubi
368 4226 410 4296 fit
427 4224 702 4296 illuminaretur.

344 4337 391 4410 Β.
419 4337 613 4411 Phantasia
631 4349 709 4424 est;
736 4337 853 4435 qualis
875 4350 932 4412 est
955 4338 1075 4432 imago
1093 4335 1132 4407 in
1153 4334 1328 4431 speculo;
