2946 5010
357 380 404 447 34
571 381 840 448 nxuuruarro
860 393 913 447 nr
930 393 1181 450 annuum-10

169 585 319 627 ommam
356 561 505 651 simam,
530 584 596 635 seu
617 561 789 660 partium
814 571 926 635 extra
945 572 1085 662 partes
1109 561 1394 662 positionem.-

176 666 317 771 ss
359 673 461 756 Quot
479 698 603 748 rursus
620 685 705 749 sunt
720 675 781 748 hic
801 675 970 771 imperite
993 675 1115 751 dicta!
1166 676 1301 767 Primo,
1326 702 1394 774 per

356 811 484 862 rocem
509 787 609 862 illam
637 789 794 881 videtur,
821 788 962 862 nescire
989 813 1027 864 se
1054 790 1176 863 innuit
1208 790 1393 886 quomodo

356 925 427 974 vox
438 900 663 1000 principium
679 902 727 975 sit
742 899 909 975 hocloco
921 901 1172 999 intelligenda,
1187 925 1297 999 quam
1313 902 1393 999 ipse
1416 966 1420 973 .

355 1015 427 1088 hoc
453 1015 535 1088 loco
557 1013 703 1111 posuit;
729 1013 913 1104 nimirum,
935 1014 1073 1090 fatetur
1099 1038 1138 1089 se
1162 1038 1237 1089 non
1260 1014 1394 1088 intelli-

355 1151 444 1224 gere
461 1152 543 1224 quae
560 1127 636 1223 ipse
654 1126 793 1201 scribit.
845 1126 1027 1218 Secundo,
1051 1131 1136 1203 cum
1159 1151 1206 1201 ex
1228 1127 1392 1224 professo

355 1241 528 1338 loquatur
540 1240 586 1314 de
602 1240 792 1338 principiis
804 1241 1016 1350 geometria
1033 1252 1072 1316 et
1087 1241 1339 1330 arithmeticae,
1353 1241 1393 1315 id

355 1367 425 1441 est,
443 1353 489 1428 de
505 1353 694 1453 principiis
711 1354 960 1444 scientiarum,
976 1354 1016 1428 id
1036 1367 1106 1444 est,
1134 1354 1180 1428 de
1203 1353 1392 1453 principiis

356 1467 626 1564 cognoscendi;
652 1468 834 1565 principia
845 1477 969 1541 tamen
982 1468 1115 1565 quaerit
1128 1467 1392 1566 magnitudinis

356 1592 395 1656 et
422 1582 578 1655 numeri.
627 1581 763 1671 Tertio,
793 1579 1014 1677 principium
1040 1579 1304 1678 magnitudinis
1329 1605 1393 1653 eo·-

357 1693 556 1768 ternionem
565 1716 643 1767 esse
656 1691 757 1782 dicit,
770 1691 809 1765 id
822 1702 878 1766 est
890 1692 1156 1791 magnitudinis
1163 1690 1392 1790 principium

356 1828 435 1881 esse
452 1804 752 1905 magnitudinem.
796 1804 896 1879 Quid
913 1805 1011 1878 enirn
1027 1805 1127 1879 aliud
1144 1814 1201 1878 est
1213 1804 1391 1893 extensio,

354 1929 465 2018 prout
480 1919 512 1993 is
529 1942 573 1992 ea
589 1939 678 1991 voce
695 1917 756 1990 hic
776 1917 931 1991 barbare
952 1918 1081 2008 utitur,
1098 1929 1233 2016 praeter
1249 1917 1391 2014 magni-

354 2032 548 2122 tudinem?
598 2029 787 2119 Extensio,
809 2030 956 2127 proprie
982 2028 1179 2127 loquendo,
1208 2029 1306 2103 actio
1335 2042 1392 2103 est

352 2144 453 2219 illius
469 2145 531 2242 qui
548 2142 686 2240 aliquid
703 2167 878 2217 excurro
891 2155 1034 2217 rectum
1050 2143 1151 2217 facit.
1190 2142 1256 2216 Ille
1268 2154 1392 2217 autem

349 2260 573 2357 positionem
585 2279 663 2331 esse
675 2256 765 2330 dicit
775 2257 947 2356 partium
960 2265 1069 2330 extra
1077 2266 1225 2359 partes.
1252 2256 1392 2331 Quam-

355 2371 514 2446 obrem?
581 2369 765 2442 Nimirum
798 2379 842 2443 nt
868 2370 968 2443 salva
996 2371 1066 2444 sibi
1096 2370 1144 2444 sit
1173 2370 1296 2467 opinio
1326 2395 1393 2445 sua

358 2482 624 2583 Apopatetica,
632 2481 730 2577 quod
741 2481 839 2555 idem
848 2482 1102 2578 magnitudine
1113 2507 1258 2581 corpus,
1269 2484 1392 2558 locum

355 2596 466 2670 modo
484 2594 673 2693 majorem,
691 2593 801 2667 modo
818 2594 995 2669 minorem
1013 2620 1193 2694 occupare
1209 2598 1337 2693 possit.

408 2707 456 2780 B.
485 2709 680 2791 Fortasse;
719 2731 805 2781 nam
834 2708 872 2782 in
903 2709 1064 2783 Elencbo
1094 2735 1160 2785 suo
1191 2711 1391 2802 Hobbium,

356 2820 421 2919 qui
437 2820 543 2894 aliter
554 2819 684 2909 sentit,
702 2832 851 2895 strenue
865 2822 1063 2919 vituperat.

405 2936 453 3008 Α.
482 2934 637 3022 Quarto,
653 2958 736 3008 cum
750 2934 902 3009 dixisset
919 2948 1016 3026 ante,
1027 2937 1238 3034 opinionem
1251 2961 1391 3027 eorum,

356 3049 421 3144 qui
437 3045 699 3144 magnitudinis
716 3049 936 3144 principium
954 3050 1081 3124 dicunt
1106 3074 1185 3125 esse
1201 3064 1391 3148 punctum,

356 3185 431 3235 non
448 3160 611 3257 ineptam
628 3182 719 3249 esse,
743 3161 846 3234 addit
862 3186 933 3236 non
950 3163 1067 3236 minua
1083 3174 1187 3238 recte
1205 3164 1392 3238 diceretur

356 3285 425 3348 etc.
437 3301 452 3358 ,·
479 3273 583 3370 quasi
609 3284 766 3370 utraque
792 3287 918 3371 posset
945 3299 1024 3349 esse
1053 3300 1151 3350 vera.
1208 3277 1283 3351 Sed
1307 3302 1390 3374 per-

354 3385 716 3486 gamus-Numeri
747 3388 978 3487 principium
1012 3388 1221 3462 duceremus
1260 3389 1309 3464 ab
1346 3416 1392 3465 eo

354 3499 634 3597 modificatione,
670 3524 740 3596 qua
775 3499 865 3596 quid
889 3526 998 3574 eoum
1027 3501 1144 3575 malta
1173 3501 1392 3577 dicimus.-

354 3615 487 3704 Primo,
506 3611 594 3709 quid
611 3621 666 3686 est
682 3612 772 3686 illud
793 3614 894 3710 quod
918 3613 1079 3712 appellat
1103 3636 1225 3687 rerum
1250 3615 1390 3711 modifi-

354 3727 567 3801 cationem?
609 3725 686 3797 Aut
711 3725 802 3822 qnid
826 3726 926 3800 aliud
952 3726 1013 3799 hic
1026 3764 1029 3769 ,
1043 3725 1133 3799 dicit
1155 3750 1265 3824 quam
1291 3729 1391 3825 quod

354 3863 413 3912 res
431 3841 485 3913 ita
498 3836 766 3928 modificantur,
782 3849 824 3913 ut
840 3862 899 3912 res
914 3852 989 3912 una
1005 3838 1052 3911 sit
1069 3862 1196 3929 unum,
1214 3854 1252 3913 et
1265 3842 1390 3915 multae

354 3951 480 4025 multa.
533 3951 729 4025 Accurate.
778 3939 938 4042 Deinde,
959 3959 1078 4051 prout
1107 3952 1156 4025 ab
1189 3953 1391 4028 identitate

354 4063 475 4135 oritur
501 4063 638 4154 unitor,
664 4063 720 4137 ita
748 4074 786 4138 et
811 4090 836 4138 a
866 4088 990 4138 rerum
1022 4064 1241 4140 diversitate
1269 4068 1391 4140 oritur

354 4199 533 4248 numerus.
577 4176 706 4250 Docte.
753 4178 901 4252 Scilicet
919 4178 1016 4252 idem
1034 4190 1090 4252 est
1110 4204 1229 4267 umam,
1245 4180 1392 4254 diversa

354 4286 480 4360 multa.
525 4287 598 4362 Sed
614 4313 737 4363 nonne
762 4301 802 4364 et
819 4289 1002 4365 disemum
1019 4293 1234 4365 estonum?
1291 4294 1392 4369 Quid
