2946 5010
307 386 354 451 56
523 399 793 454 examinacio
813 401 865 454 nu
884 401 1131 455 annnorum

118 588 269 631 mucosus
305 566 687 663 principiaquantum
700 568 781 642 fieri
797 579 932 664 potest,
946 567 1219 642 accuratissime
1232 577 1347 642 statu·

120 671 264 774 L
305 703 421 770 emus,
447 682 653 776 praesertim
683 704 727 755 ea
753 682 886 778 quibus
912 693 1079 768 utuntur,
1106 681 1154 754 ab
1180 680 1346 771 Euclide,

303 793 553 867 mathematici
571 816 721 868 omues:
748 807 791 868 ut
808 818 891 891 quae
908 794 946 868 in
967 795 1039 870 illis
1057 805 1231 868 accurata
1247 806 1346 885 sunt,
1365 836 1367 840 <

303 906 414 979 etiam
443 930 511 980 nos
541 918 713 991 utamur;
747 931 830 1004 quae
857 919 1032 981 accurata
1052 931 1128 981 non
1154 915 1241 980 sunt
1264 929 1347 980 cor-

303 1020 488 1116 rigamus3
516 1033 555 1094 et
571 1045 654 1118 quae
677 1020 810 1095 desunt
827 1021 1072 1118 suppleamus.
1128 1020 1225 1094 Sunt
1247 1020 1348 1094 euim

304 1156 392 1205 vera
413 1145 452 1206 et
467 1145 641 1208 accurata
656 1134 838 1230 principia
854 1134 1102 1230 legitimarum
1119 1132 1349 1207 demonstra-

303 1246 446 1319 tionum
480 1260 616 1336 κριτήριον
650 1248 811 1320 unicum.
889 1247 1064 1321 Definitio
1096 1269 1186 1342 ergo
1218 1244 1348 1342 puncti

304 1371 523 1431 accuratene
548 1357 686 1432 tradita
713 1369 769 1431 est
808 1359 854 1431 ab
893 1358 1057 1449 Euclide,
1091 1380 1224 1453 nempe
1254 1357 1347 1445 haec,

297 1480 476 1567 punctum
494 1480 552 1543 est
568 1472 673 1566 cujus
689 1470 792 1544 nullu
809 1480 867 1544 est
876 1475 1013 1568 paro?

353 1579 400 1656 Α.
428 1584 612 1657 Accurata
628 1595 697 1673 est,
715 1583 780 1656 sed
796 1607 819 1656 a
835 1584 1033 1679 geometris
1049 1583 1235 1680 plerisque
1251 1582 1349 1657 male

304 1694 502 1770 intellecta.
555 1696 652 1770 Nam
668 1698 781 1771 verba
800 1698 892 1784 haec,
910 1699 1016 1794 cnjus
1038 1697 1143 1771 nullu
1160 1706 1218 1770 cst
1234 1721 1347 1796 pars,

304 1808 359 1881 ita
386 1808 610 1905 intelligunt,
642 1810 746 1905 quasi
773 1810 952 1905 scriptum
986 1821 1083 1882 esset
1112 1809 1217 1905 cujus
1246 1807 1350 1882 nuda

297 1929 427 2019 potest
444 1946 526 1994 ease
536 1946 650 2020 pars.
701 1922 835 1996 Nonne
861 1922 1009 1995 videtur
1036 1923 1104 1996 tibi
1134 1921 1236 1996 aliud
1267 1946 1348 1996 esse

305 2044 426 2107 actum
442 2059 589 2131 negare,
608 2035 709 2108 aliud
725 2058 860 2131 negare
872 2035 1111 2132 potentium?

355 2146 402 2221 B.
429 2148 597 2245 Negatur
614 2159 815 2223 uetustum
840 2172 925 2222 cum
951 2148 1085 2221 dicitur
1111 2171 1189 2221 esse
1212 2147 1348 2221 indivi-

305 2283 403 2343 sum;
420 2273 576 2358 negatur
586 2261 772 2360 potentio,
786 2286 870 2335 cum
884 2261 1019 2334 dicitur
1033 2284 1111 2333 esse
1122 2259 1348 2335 divisibile*
1362 2332 1366 2338 .

304 2372 466 2446 Euclidis
499 2397 589 2468 ergo
621 2373 786 2447 definitio
819 2373 915 2447 tollit
948 2373 1076 2470 puncti
1104 2373 1348 2458 divisionem

305 2497 346 2557 at
376 2486 618 2579 quantitatem
646 2509 721 2557 non
747 2486 854 2558 tollit.
916 2486 1019 2558 Nihil
1049 2487 1146 2559 enim
1180 2486 1348 2582 impedit,

306 2620 379 2691 quo
397 2597 517 2669 minus
534 2606 708 2693 quantum
726 2597 774 2668 sit
791 2597 829 2669 id
847 2597 947 2693 quod
964 2611 1020 2671 est
1037 2597 1245 2671 indivisum.
1290 2599 1349 2672 Illi

306 2731 405 2795 vero,
424 2708 486 2804 qui
504 2708 633 2781 dicunt
648 2720 827 2803 punctum
844 2734 923 2783 esse
941 2708 1179 2799 indivisibile,
1194 2713 1347 2786 omniuo

305 2820 441 2894 tollunt
468 2822 712 2916 quantitatem
741 2825 831 2918 ejus,
855 2836 894 2895 et
918 2824 1060 2896 faciunt
1087 2836 1129 2896 ut
1156 2824 1205 2896 sit
1228 2824 1348 2910 nihil,-

307 2933 405 3028 quod
438 2935 632 3029 aliquoties
659 2935 749 3007 facit
777 2933 968 3009 Wallisius
999 2936 1038 3008 in
1069 2936 1238 3010 omnibus
1269 2940 1350 3035 ejus

305 3047 407 3119 libris
424 3048 703 3121 mathematicis

356 3159 401 3231 A.
430 3159 569 3233 Divisio
581 3173 637 3233 est
650 3183 742 3257 opus
755 3161 981 3245 intellectus;
997 3160 1351 3237 intellectufacimus

305 3286 440 3369 partes
476 3275 607 3369 Itaque
624 3275 826 3346 astronomi
843 3298 918 3346 non
935 3275 974 3346 iu
992 3275 1124 3346 coelum
1142 3276 1351 3351 ascendunt

306 3400 348 3460 ut
366 3389 527 3482 sphaeras
545 3387 723 3475 dividant,
742 3387 806 3459 sed
824 3388 929 3484 quasi
947 3387 1080 3459 divisas
1096 3387 1347 3463 considerant.

305 3501 409 3573 Idem
427 3525 515 3596 ergo
533 3513 589 3573 est
599 3499 898 3598 purtessncere,
916 3500 1016 3597 quod
1026 3509 1162 3598 partes
1180 3503 1350 3577 consida-

305 3639 406 3687 nare.
457 3615 536 3708 Ego
562 3637 648 3709 vero
669 3622 861 3710 punctum,
884 3612 1015 3686 codem
1042 3635 1163 3700 seusu,
1190 3613 1256 3686 sed
1291 3617 1352 3708 (ut

306 3750 395 3799 voce
413 3751 457 3799 ea
473 3726 529 3799 uti
545 3726 740 3820 possimus)
762 3726 843 3799 aliis
860 3725 992 3813 verbis,
1020 3726 1073 3798 ita
1097 3723 1351 3802 definiendum

305 3841 512 3913 accuratius
530 3861 608 3912 esse
626 3863 779 3912 censeo:
801 3847 976 3936 punctum
993 3846 1051 3911 est
1072 3860 1222 3934 corpus,
1242 3843 1351 3936 cajus

305 3976 376 4025 non
393 3952 664 4042 consideratur,
682 3951 809 4040 idest,
827 3975 897 4022 non
915 3949 1031 4022 intrat
1052 3950 1090 4023 in
1117 3949 1352 4027 demonstra-

306 4064 436 4137 tionem
450 4065 728 4161 geometricant,
747 4063 825 4136 ullu
844 4061 1045 4157 quantitas.

357 4176 406 4248 B.
434 4178 643 4250 Secundum
657 4176 906 4249 definitionem
917 4173 1025 4262 hanc,
1037 4173 1263 4268 impossibile
1280 4190 1350 4268 est,

478 4375 495 4407 ⁴*
519 4374 567 4433 Sio
581 4375 659 4432 Edit.
674 4374 758 4431 1668.
801 4368 905 4442 Quaere
921 4370 1173 4430 “indivisibile''?
