2946 5010
442 415 622 471 cunsrro
643 415 838 470 spumans
1084 403 1166 483 497.

122 582 279 657 semissis
299 584 413 681 ipsius
431 585 489 677 Gi,
507 584 555 659 ad
573 583 641 677 lrL,
659 586 845 661 semissem
862 586 977 683 ipsius
994 587 1091 676 AG),
1107 588 1159 664 ita

122 695 179 770 ltL
198 695 246 769 ad
262 695 318 769 eb.
468 750 473 758 .

173 809 268 882 Sunt
294 831 383 904 ergo
400 808 461 899 Ze,
475 807 544 900 lrL,
555 809 612 898 eb,
636 809 713 885 sive
730 810 805 901 ΑΖ,
816 809 887 902 Aa
901 811 968 901 Ae,
986 813 1159 887 continue

121 921 425 1019 proportionales.

173 1035 327 1109 Constat
343 1035 429 1109 hine
447 1048 585 1110 rectam
599 1036 668 1128 AQ
684 1037 861 1133 aeqnalem
878 1061 956 1113 esse
969 1038 1089 1134 duplae
1102 1038 1160 1111 eb.

128 1210 131 1219 .
173 1148 327 1222 Constat
343 1162 524 1246 praeterea
539 1151 745 1239 arcumZo,
764 1150 916 1223 ductum
934 1176 956 1224 a
972 1151 1075 1225 radio
1093 1150 1158 1225 ΑΖ

122 1274 161 1335 et
178 1261 413 1336 terminatum
431 1263 469 1334 in
487 1259 569 1351 AG,
587 1275 625 1336 et
641 1275 779 1337 rectam
794 1261 861 1351 La,
879 1286 1003 1337 secare
1020 1277 1166 1356 rectam

124 1373 193 1450 AO
211 1374 249 1447 in
267 1399 341 1448 uno
358 1386 396 1448 et
419 1374 548 1448 eodem
564 1387 718 1472 puncto.
769 1373 920 1470 Alioqui
937 1400 1013 1449 non
1036 1390 1166 1469 essent

123 1487 184 1577 Ze,
195 1486 265 1576 lrL,
277 1486 320 1560 eb
337 1487 511 1561 continue
528 1488 832 1584 proportionales.

481 1748 725 1803 PROPOSITIO
741 1750 799 1802 Vl.
935 1800 939 1809 ,

180 1861 229 1935 Ut
245 1861 346 1936 latua
365 1864 427 1938 CG
442 1863 504 1938 vel
517 1863 598 1954 AC,
611 1864 666 1938 od
679 1864 730 1938 Ze
744 1862 802 1937 oel
813 1864 887 1955 AZ,
902 1864 959 1938 ito
973 1874 1031 1939 est
1044 1867 1096 1938 Ae
1108 1867 1163 1940 ad

122 1976 310 2048 semissem
326 1976 461 2050 lateris
479 1977 545 2050 OG
562 1976 621 2050 vel
635 1977 713 2051 AC.
1158 1970 1164 1977 ’

174 2092 326 2165 Secetur
355 2092 452 2166 enim
481 2092 546 2168 AO
569 2093 736 2167 bifariam
759 2092 798 2165 in
814 2092 850 2181 lc,
868 2092 1095 2188 dueaturque
1121 2090 1163 2164 ll

124 2206 298 2300 parallelo
314 2203 388 2294 CG,
406 2230 534 2281 secans
551 2205 620 2282 AG
637 2208 675 2279 in
694 2206 719 2280 l.
772 2207 955 2281 Quoniam
974 2217 1160 2279 ostensum

124 2330 181 2391 est
198 2318 256 2406 Gi,
270 2317 344 2407 OG,
357 2318 414 2392 Ae
431 2343 509 2393 esse
523 2320 696 2393 continue
713 2320 1014 2415 proportionales,
1032 2319 1102 2391 erit
1119 2332 1165 2393 ut·

104 2420 109 2427 ’
124 2430 187 2505 GC
204 2430 252 2504 ad
269 2430 454 2504 semissem
471 2432 530 2521 Gi,
548 2432 602 2505 ita
615 2432 671 2505 Ae
687 2431 734 2505 ad
751 2432 936 2504 semissem
949 2417 1072 2506 lateris
1086 2432 1159 2522 OG,

124 2543 163 2616 id
186 2558 254 2630 est,
280 2555 320 2617 ut
348 2543 414 2618 Ac
431 2543 489 2617 vel
507 2544 572 2618 CG
597 2545 644 2619 ad
661 2545 712 2619 Ze
729 2545 785 2619 vel
804 2544 882 2634 AZ,
900 2545 953 2618 ita
969 2544 1026 2618 Ae
1043 2546 1100 2619 vel
1117 2545 1165 2619 eb

124 2655 173 2730 ad
191 2656 248 2729 Alc
265 2656 323 2729 vel
340 2653 388 2728 kl.

466 2853 715 2907 PROPOSlTIO
747 2855 824 2907 vll.

178 2971 408 3058 Quadratum
421 2969 469 3043 ab
485 2972 548 3045 AZ
565 2971 623 3046 vel
636 2973 688 3046 Ze
704 2971 843 3068 <equale
859 2981 918 3045 eat
934 2970 1057 3045 decem
1073 2997 1165 3069 qum

125 3084 249 3158 drotis
267 3109 291 3155 o
309 3092 445 3179 quarta
454 3093 575 3181 parte
592 3083 727 3158 lateris
743 3085 819 3158 Ac.

177 3194 408 3270 Quadratum
426 3195 523 3268 enim
537 3196 583 3269 ab
597 3196 664 3269 Ao
677 3195 816 3291 aeqnale
833 3206 888 3269 est
902 3194 1062 3290 quinque
1076 3218 1164 3289 qua-

125 3307 240 3380 dratis
263 3330 287 3379 a
312 3307 506 3379 semiradio
531 3307 609 3395 CO,
633 3305 671 3380 id
699 3319 767 3396 est,
784 3306 914 3403 viginti
931 3305 1120 3403 quadratis
1141 3331 1164 3380 a

126 3429 258 3515 quarta
291 3429 395 3515 parte
429 3419 505 3493 Ac.
570 3419 643 3494 Sed
673 3420 753 3506 AO,
786 3419 843 3493 Ac
875 3431 962 3492 sunt
991 3419 1164 3514 aequales

127 3534 251 3608 Quare
266 3531 485 3629 quadratum
502 3534 549 3606 ab
566 3533 621 3607 Ac
634 3533 773 3630 aeqnale
790 3545 847 3606 est
864 3532 992 3627 viginti
1007 3532 1165 3629 quadra.

125 3646 174 3719 tis
191 3669 214 3719 a
230 3657 361 3741 quarta
377 3657 482 3742 parte
499 3646 576 3720 AC.
628 3645 702 3720 Sed
719 3644 939 3743 quadratum
959 3645 1006 3718 ab
1023 3646 1078 3719 Ac
1095 3645 1162 3718 du-

125 3757 227 3854 plum
245 3770 300 3831 est
317 3756 486 3854 quadrati
503 3758 550 3832 ab
570 3759 633 3832 ΑΖ
649 3758 708 3832 vel
724 3758 785 3831 Zc.
828 3759 927 3854 Ergo
945 3758 1163 3854 quadratum

126 3871 173 3943 ab
187 3871 249 3943 AZ
267 3870 325 3944 vel
343 3871 393 3944 Zc
411 3871 550 3966 aequale
568 3882 625 3945 est
641 3872 768 3945 decem
786 3870 975 3968 quadratis
992 3895 1016 3951 a
1032 3885 1166 3968 quarta

125 3995 231 4079 parte
245 3983 370 4056 lateris
387 3983 463 4057 AC.
1150 4016 1152 4021 ·

180 4093 319 4168 Coroll.
348 4095 580 4171 Quadratum
603 4121 626 4168 a
653 4095 701 4169 Gi
724 4095 968 4192 quadruplum
991 4107 1047 4169 est
1075 4121 1165 4193 quaa

128 4208 224 4282 drati
243 4208 289 4280 ab
304 4207 378 4296 AZ,
396 4219 432 4281 et
450 4207 604 4303 proinde
622 4206 841 4304 quadratum
859 4233 882 4281 a
898 4208 946 4282 Gi
958 4208 1096 4303 aequale
1109 4221 1165 4287 est

128 4320 372 4417 quadraginta
389 4320 576 4418 quadratis
594 4333 760 4419 aquarta
776 4335 882 4422 parte
898 4321 1022 4397 lateris
1039 4322 1114 4397 AC.

227 4455 320 4510 von.
337 4454 394 4509 ιν.
730 4449 734 4456 ’
991 4458 1019 4509 Κ
1039 4458 1067 4515 κ

1205 613 1289 655 raon.
1306 613 1335 654 v.

1197 681 1341 718 ι-ν-ν
