2946 5010
312 403 380 469 122
525 417 796 469 nxaumarro
817 416 869 469 un
888 416 1138 470 uuunnarro

119 608 269 653 nrunoous
307 583 582 680 comparatione
609 583 871 680 geometricat
897 584 945 657 ad
968 593 1004 673 2,
1026 585 1085 657 vel
1108 593 1131 658 2
1150 583 1198 656 ad
1219 591 1252 674 1,
1269 586 1352 659 uul-

121 691 265 795 :32

306 697 390 771 lane
407 696 533 771 habita
550 707 606 770 est
623 696 717 770 ratio
737 696 980 772 differentiaei

355 811 404 883 B.
430 810 550 907 AEque
567 834 611 883 ac
628 809 666 882 in
684 810 827 883 ratione
844 811 1087 885 arithmetica.
1128 810 1225 884 Nam
1244 810 1350 885 diffe-

304 925 425 998 rentia
448 924 583 998 inter4
604 936 642 996 et
665 933 687 996 2
713 936 770 996 est
797 923 990 998 dimidium
1017 923 1281 1015 antecedentis,
1311 938 1350 998 et

306 1036 514 1111 differentia
530 1037 627 1110 iuter
644 1043 667 1110 2
686 1050 724 1111 et
745 1046 776 1123 l,
787 1048 843 1111 est
858 1038 948 1112 item
965 1037 1158 1112 dimidium
1175 1037 1346 1112 differen-

306 1151 369 1224 tiae
386 1151 483 1224 inter
500 1149 721 1223 antecedens
739 1161 776 1222 et
794 1173 1044 1247 cousequens;
1071 1174 1227 1247 quarum
1244 1151 1350 1224 diffe-

305 1264 508 1338 rentiarum
542 1264 574 1337 si
607 1263 708 1336 nulla
733 1263 930 1336 haberetur
960 1263 1216 1355 consideratio,
1248 1266 1351 1339 nulla

306 1377 603 1452 consideraretur
620 1377 769 1449 omuino
786 1376 894 1451 ratio.

356 1490 405 1564 Α.
431 1491 650 1580 Divitionia,
665 1490 796 1586 inquit,
807 1489 978 1588 quotiens
992 1490 1155 1564 ostendit
1167 1490 1350 1563 rationem

305 1603 449 1678 dividui
465 1605 520 1678 ad
535 1603 741 1677 divitarem.
779 1603 918 1677 Verum
934 1617 1002 1678 est.
1047 1603 1121 1677 Sed
1137 1603 1176 1676 in
1194 1626 1350 1700 sequeu-

305 1717 415 1806 tibus,
446 1717 590 1813 quoties
616 1717 805 1812 proposito
835 1740 900 1791 suo
932 1716 1092 1813 expedit,
1120 1717 1349 1812 quatientem

308 1852 452 1926 semper
479 1829 570 1903 dicit
593 1853 672 1903 esse
703 1829 843 1903 dividui
868 1830 916 1903 ad
943 1830 1139 1903 divisorem
1165 1831 1349 1904 rationem

306 1943 445 2038 ipsam;
472 1942 607 2040 quippe
625 1943 688 2039 qui
705 1944 842 2039 absque
860 1967 904 2017 eo
927 1943 1089 2038 regulam
1117 1961 1267 2016 auream
1286 1943 1349 2017 de-

304 2067 510 2130 monstrare
537 2080 612 2130 nou
641 2057 835 2154 potuisset.
889 2056 936 2128 Si
957 2056 1120 2154 pondus,
1150 2056 1285 2152 inquit,
1315 2056 1348 2129 A

304 2170 357 2242 sit
373 2170 428 2242 ad
433 2169 583 2267 pondua
597 2169 640 2259 B,
658 2178 700 2242 at
717 2167 818 2242 linea
835 2202 855 2240 α
869 2168 924 2242 ad
938 2168 1074 2241 lineam
1090 2167 1129 2260 β,
1143 2178 1348 2242 nontamen

305 2282 383 2355 dici
395 2290 525 2378 potest
547 2281 722 2369 vicissim,
740 2291 780 2353 at
795 2281 945 2379 pondua
963 2281 997 2353 A
1014 2281 1068 2355 aa
1086 2280 1221 2354 lineam
1236 2316 1269 2372 a,
1292 2282 1349 2356 aa

297 2394 447 2491 pondua
465 2393 495 2466 B
512 2392 664 2465 ennead
678 2391 813 2466 lineam
828 2392 867 2484 β.

354 2509 403 2579 Β.
432 2504 620 2601 Siquidem
662 2528 727 2600 per
762 2505 914 2602 pandat
951 2504 1135 2601 intelligat
1161 2506 1349 2603 pondera

302 2618 560 2717 quantitatem,
594 2642 668 2691 uon
699 2618 806 2692 video
834 2642 900 2690 cur
929 2641 1004 2691 non
1033 2619 1149 2714 possit
1176 2618 1231 2691 ita
1262 2619 1347 2692 dici.

303 2733 400 2805 Nam
418 2730 642 2827 quantitates
659 2730 830 2827 ponderis
844 2742 883 2803 et
895 2731 1002 2805 liueae
1016 2731 1180 2804 exhiberi
1193 2744 1348 2828 possunt

301 2845 341 2917 in
359 2843 500 2917 duabus
518 2843 633 2917 lineis.

352 2958 401 3031 A.
428 2958 684 3031 Consentanea
703 2958 783 3030 haec
805 2969 892 3029 suut
913 2956 957 3030 iis
981 2981 1063 3053 qnae
1080 2958 1217 3053 ubique
1233 2959 1347 3033 habet

302 3071 455 3167 loquens
489 3071 535 3144 de
569 3082 702 3145 natura
735 3070 981 3166 quantitati83
1024 3071 1217 3145 confundit
1248 3073 1347 3145 enim

303 3186 533 3261 abatractam
544 3214 628 3262 cum
642 3199 822 3276 concreto,
837 3189 1082 3286 quantitatem
1100 3213 1183 3261 cum
1198 3200 1346 3284 quanto,

303 3312 479 3396 tauquam
497 3301 748 3397 significarent
770 3301 880 3374 idem.
934 3300 1006 3372 Sed
1029 3301 1114 3374 vide
1139 3326 1250 3397 quam
1278 3303 1346 3375 im-

301 3414 420 3510 perite
445 3413 610 3510 loquitur
631 3415 936 3509 insequentibus.
989 3415 1100 3487 Nosti
1123 3426 1345 3510 geometras,

302 3527 449 3620 quaudo
476 3527 584 3600 datur
607 3552 692 3600 area
717 3529 919 3623 rectanguli
942 3552 1026 3600 cum
1052 3552 1126 3600 uno
1152 3529 1346 3602 coefficen-

302 3643 407 3731 tium,
437 3640 533 3714 latus
563 3641 719 3714 alterum
753 3642 870 3714 solere
897 3641 1062 3713 invenire
1089 3664 1156 3735 per
1185 3642 1346 3739 applica·

301 3755 440 3828 tionem
457 3778 551 3827 areae
573 3755 620 3828 ad
642 3755 736 3827 latus
756 3755 905 3837 datum3
933 3755 1183 3828 arithmeticos
1208 3767 1344 3844 autem,

303 3868 389 3941 dato
404 3891 556 3940 numero
574 3878 611 3939 et
628 3891 701 3939 uno
723 3890 959 3939 numerorum
981 3890 1047 3961 per
1069 3889 1227 3962 quorum
1251 3869 1345 3941 mul·

301 3980 565 4075 tiplicatiouem
582 3979 700 4052 factus
718 3991 784 4068 cst,
804 3977 961 4050 alterum
979 3978 1143 4051 iuvenire
1161 4003 1228 4075 per
1252 3979 1345 4054 divi-

303 4094 453 4166 sionem.
522 4093 652 4188 ltaque
682 4103 834 4188 propter
863 4091 1138 4164 similitudinem
1169 4094 1345 4182 methodi,

304 4206 433 4278 divisio
453 4206 768 4278 arithmeticorum
787 4216 823 4276 et
849 4204 1047 4299 applicatio
1072 4220 1345 4299 geometrarum

304 4343 370 4414 pro
392 4319 520 4392 eadem
543 4343 582 4391 re
608 4319 732 4392 haberi
761 4319 960 4392 cousuevit.
1013 4320 1179 4414 Exempli
1212 4346 1343 4395 causa:
