2946 5010
279 417 351 484 262
604 433 657 484 on
678 432 847 487 uarum
866 432 1003 485 naurs.

279 596 454 684 distenta,
464 619 601 691 negare
614 597 712 685 nolo,
724 609 876 693 propter
889 599 1067 694 majorem
1079 595 1327 693 quantitatem

280 720 488 784 atomorum
501 709 661 798 follibus,
673 710 732 783 vel
750 711 1051 806 corpusculorum
1064 711 1328 807 fuligiueorum

280 823 326 896 ab
362 822 490 911 halitu,
526 823 749 896 inflatorum.
806 824 865 896 Ab
902 826 1153 920 experimento
1187 835 1326 912 autem,

281 937 381 1033 quod
406 938 449 1009 fit
474 939 633 1010 avesica
655 937 793 1026 inflata,
821 937 912 1011 nihil
942 938 1122 1034 colligunt
1147 936 1247 1034 quod
1276 938 1328 1010 sit

281 1050 369 1122 satis
386 1061 540 1124 certum.
574 1051 748 1147 Oportuit
764 1052 930 1124 lancibus
948 1051 1137 1147 imponere
1151 1050 1225 1123 duo
1236 1074 1329 1123 vasa

279 1163 444 1258 pondere
467 1163 633 1259 aequalia,
663 1187 819 1260 quorum
842 1164 999 1237 alterum
1027 1177 1125 1237 esset
1152 1176 1328 1236 accurate

281 1275 458 1364 clausum,
476 1277 633 1349 alterum
650 1286 830 1372 apertum.
875 1277 936 1349 Sic
953 1277 1053 1349 enim
1069 1299 1145 1348 non
1163 1275 1327 1363 inflatus,

281 1388 346 1460 sed
363 1389 525 1462 inclusus
542 1401 700 1476 tantum,
716 1412 779 1462 aer
791 1388 1015 1485 ponderatus
1029 1401 1137 1462 esset.
1166 1386 1328 1462 Quando

281 1501 394 1598 igitur
412 1526 532 1575 aerem
556 1503 609 1575 sic
632 1502 875 1597 ponderatum
893 1502 1046 1591 videbis,
1065 1500 1330 1574 meditabimur

280 1626 410 1713 postea
438 1616 526 1711 quid
554 1615 751 1689 dicendum
784 1616 832 1687 sit
864 1615 910 1687 de
944 1616 1187 1711 phaenomeno
1226 1613 1329 1709 quod

281 1729 460 1802 retuleris.
503 1729 614 1803 Quod
632 1730 765 1802 attinet
783 1729 831 1801 ad
848 1753 995 1802 causam
1013 1728 1215 1825 gravitatis,
1234 1728 1329 1800 mihi

282 1842 430 1938 quidem
447 1842 539 1914 nihil
553 1843 700 1915 videtur
712 1842 957 1931 verisimilius,
970 1867 1080 1938 quam
1099 1841 1199 1938 quod
1215 1864 1330 1913 causa

281 1954 344 2028 illa
365 1981 447 2051 quae
470 1956 594 2051 potuit
611 1981 633 2028 a
649 1956 831 2052 principio
849 1956 1079 2052 homogenea
1106 1954 1329 2050 compellere

282 2079 319 2141 et
336 2068 583 2164 heterogenea
599 2069 787 2165 dissipare,
803 2070 931 2142 eadem
948 2093 1046 2141 nunc
1059 2079 1181 2166 potest
1197 2068 1330 2140 homo-

281 2204 409 2276 genea‚
428 2181 604 2277 dissipata
620 2205 686 2277 per
704 2182 926 2270 violentiam,
940 2182 1073 2254 iterum
1087 2202 1330 2278 congregare,

282 2305 320 2368 et
361 2295 610 2390 heterogenea
642 2296 680 2367 vi
722 2294 911 2389 compulsa
942 2293 1122 2391 disjicere.
1199 2294 1330 2366 Motus

282 2418 418 2497 autem,
437 2408 499 2503 qui
516 2407 554 2479 id
571 2420 705 2503 potest,
724 2408 816 2480 alius
842 2432 1013 2480 essenon
1038 2419 1162 2503 potest
1190 2419 1332 2502 praeter

282 2531 420 2592 motum
442 2520 542 2593 illum
562 2521 775 2595 circularem
795 2522 1007 2618 simplicem,
1028 2545 1137 2617 quem
1161 2520 1331 2593 definivit

284 2633 465 2719 Honoras,
484 2634 577 2705 libro
601 2656 654 2706 na
683 2656 888 2723 conpotes,
913 2661 993 2730 cap.
1015 2661 1074 2722 xv,
1093 2634 1330 2730 appellatque

284 2745 766 2841 alicubifermentationem‚
781 2762 819 2819 et
834 2749 879 2820 de
898 2773 940 2820 eo
954 2749 1217 2843 proprietatem
1231 2748 1331 2819 hanc

285 2858 525 2944 demonstrat,
545 2860 643 2954 quod
662 2874 864 2955 congregat
879 2862 1109 2955 homogeuea
1126 2873 1165 2931 et
1181 2860 1330 2931 hetero-

284 2995 402 3066 genea
419 2972 582 3067 dissipat.
622 2975 747 3046 Motus
765 2987 887 3046 antem
905 2975 1013 3068 hujus
1031 2973 1176 3045 initium
1195 2972 1233 3043 in
1251 2971 1331 3044 sole

284 3108 362 3156 esse
381 3086 564 3179 supponit.

337 3198 384 3270 B.
413 3198 537 3270 Placet
554 3198 643 3270 mihi
661 3212 726 3271 tua
743 3200 860 3293 magis
878 3198 1102 3294 hypothesis
1127 3220 1236 3291 quam
1266 3196 1331 3269 illa

284 3311 329 3385 de
347 3312 383 3383 vi
406 3312 500 3383 aeris
527 3313 686 3385 elastica.
739 3312 836 3384 Nam
867 3312 973 3384 video
1000 3310 1099 3406 quod
1128 3335 1150 3381 a
1172 3309 1331 3382 veritate

284 3425 392 3513 illius,
411 3426 545 3497 veritas
570 3426 775 3520 dependeat
792 3425 848 3497 vel
873 3425 978 3497 vacui
995 3425 1053 3495 vel
1076 3423 1196 3518 pleni;
1224 3423 1332 3496 seda

285 3538 439 3610 veritate
462 3538 583 3632 hujus,
608 3537 699 3609 nihil
728 3538 892 3631 sequitur
920 3538 956 3608 in
987 3549 1156 3608 neutram
1185 3548 1331 3630 partem

285 3653 506 3748 quaestionis
576 3653 693 3738 Aeris,
726 3652 858 3747 inquit,
894 3661 1081 3723 structura
1112 3648 1238 3721 similis
1274 3659 1332 3720 est

285 3789 502 3860 compressae
530 3765 636 3836 lanae.
702 3766 802 3835 Bene
833 3774 899 3835 est.
963 3763 1066 3835 Lana
1095 3763 1138 3834 fit
1165 3785 1208 3832 ex
1243 3761 1330 3836 filis.

286 3880 413 3951 Recte.
483 3878 556 3950 Sed
586 3880 689 3972 cujus
724 3877 877 3973 figurae?
948 3877 986 3948 Si
1016 3874 1332 3971 parallelepipedi‚

286 3992 386 4064 nulla
419 4005 542 4086 potest
577 4016 655 4063 esse
699 3991 921 4086 compressio
956 3989 1144 4085 partium:
1188 3989 1218 4059 si
1252 4012 1332 4060 non

285 4104 595 4200 parallelepipedi,
620 4117 729 4176 erunt
747 4105 844 4175 inter
861 4103 923 4175 fila
940 4103 1003 4174 illa
1021 4103 1141 4197 spatia
1159 4100 1332 4198 quaedam

286 4217 413 4287 relicta
429 4250 437 4299 ;
466 4242 548 4312 quae
567 4218 597 4288 si
614 4242 728 4290 vacua
750 4228 847 4306 sunt,
866 4229 1078 4313 supponunt
1095 4237 1261 4299 vacuum,
1282 4214 1333 4286 ad

285 4329 515 4423 probandum
542 4331 640 4424 qnod
665 4355 821 4404 vacuum
848 4344 904 4403 est
929 4330 1122 4426 possibile;
1149 4328 1179 4400 si
1206 4328 1331 4422 plena,
