2946 5010
312 411 354 476 14
526 421 797 475 axsurunmo
819 422 870 473 ar
890 421 1137 474 uuuuusmo

119 616 269 668 unrocus
356 591 407 664 B.
432 589 657 688 Exemplum
685 615 708 663 a
734 588 850 662 simili
873 588 1032 661 derivari
1052 587 1168 669 dicit;
1196 586 1352 683 ideoque

183 698 203 738 1.

122 765 265 800 ,ψ
307 727 383 776 non
401 702 605 802 exemplum
624 703 689 776 sed
706 700 929 799 eueemplum
947 701 1223 775 debere‘scribi.

356 816 405 888 Α.
434 814 574 891 Quidni
601 826 638 889 et
664 839 795 888 emero
818 839 885 912 pro
908 838 1033 905 emero,
1063 826 1101 887 et
1125 813 1266 886 exaiulo
1283 839 1351 910 pro

305 928 440 1018 euicto,
457 941 495 1002 et
511 953 624 1002 eximo
640 952 829 1025 proemio,
849 940 887 1002 et
899 927 1082 1025 exsequier
1094 951 1163 1023 pro
1175 928 1352 1023 exequie,

306 1052 345 1116 ct
362 1041 495 1115 similia
512 1042 628 1115 multa
652 1041 763 1115 scribi
776 1043 905 1138 jubet3
933 1041 1057 1136 qualia
1076 1064 1185 1113 nemo
1202 1040 1353 1113 Latino-

305 1178 388 1228 rum
412 1179 577 1252 uuqnam
603 1154 777 1251 scripsit?
828 1154 968 1228 Eadem
994 1155 1092 1227 enim
1119 1164 1175 1227 est
1199 1153 1294 1227 ratio
1313 1155 1352 1227 in

305 1267 374 1357 his,
393 1293 475 1364 quae
493 1269 531 1340 iu
548 1267 762 1366 exemplum.
815 1267 935 1341 Credo
948 1290 1112 1362 sperasse
1129 1266 1233 1339 illum
1251 1269 1353 1339 novi·

306 1391 383 1454 tate
411 1382 480 1454 hac
506 1383 585 1455 fore
611 1382 711 1470 olim,
739 1392 780 1453 ut
807 1380 1096 1476 distingueretur
1123 1380 1169 1452 ab
1194 1380 1352 1454 indoctis

306 1493 516 1568 hominibus
528 1496 638 1591 hujus
652 1494 777 1567 seculi.
815 1493 889 1566 Sed
903 1505 1022 1566 errat:
1051 1493 1146 1566 sicut
1161 1493 1258 1565 enim
1273 1494 1352 1566 nul·

305 1607 377 1680 lius
387 1607 592 1705 exemplum
602 1617 749 1681 secutus
763 1619 820 1680 est
833 1607 906 1694 ille,
918 1607 970 1680 ita
983 1630 1091 1679 nemo
1105 1605 1201 1679 illius
1214 1630 1352 1679 ercem-

298 1718 405 1819 plum
431 1732 488 1794 est
512 1732 743 1816 sequuturus.
798 1719 871 1792 Sed
889 1743 1059 1815 quaenam
1083 1730 1169 1792 sunt
1186 1743 1241 1809 ea,
1268 1745 1351 1816 quae

305 1835 469 1930 appellat
484 1834 713 1907 condimenta
723 1832 1021 1931 plimcoplticu?

355 1945 403 2020 Β.
431 1946 587 2030 Nesci0;
618 1946 690 2020 uisi
716 1969 761 2019 ea
786 1944 972 2041 intelligat
998 1969 1081 2040 quae
1109 1936 1285 2019 disseruit
1304 1945 1351 2018 de

305 2069 439 2133 natura
455 2060 737 2148 mathematicae,
756 2069 795 2132 et
808 2058 854 2132 de
867 2070 1000 2132 natura
1014 2058 1349 2132 demonstrationis.

354 2173 405 2245 A.
433 2174 633 2269 Pergamus
657 2198 746 2270 ergo
764 2172 813 2245 ad
835 2171 977 2268 reliqua
995 2172 1171 2266 Epistolae
1194 2171 1352 2245 Dedica-

304 2285 422 2359 toriae.
458 2287 647 2359 Excusans
661 2310 699 2359 se
714 2284 814 2382 quod
826 2283 966 2357 tardius
977 2284 1154 2380 prodierit
1168 2284 1261 2357 liber
1273 2285 1352 2382 ejus

304 2422 415 2493 quam
443 2410 654 2493 speraverat
668 2399 899 2484 ;—lmterea,
930 2398 1061 2493 inquit,
1091 2398 1270 2495 temporis
1295 2398 1352 2471 bie

304 2510 523 2583 occurrebat
538 2510 785 2610 castigandus
799 2510 996 2593 Hobbimr‚·
1012 2511 1156 2584 Latine
1166 2511 1330 2607 primam
1337 2539 1352 2595 ;

303 2622 471 2696 Eleaelm
485 2646 562 2695 mm
580 2624 618 2696 im
636 2623 756 2721 ipsum
770 2623 883 2713 edito,
898 2648 970 2720 quo
986 2623 1109 2721 ipsius
1122 2623 1161 2696 in
1178 2621 1275 2695 libro
1289 2625 1350 2698 Du

305 2735 504 2810 Conuoua
529 2749 735 2828 ὰγεωμετρησέα
758 2737 988 2834 castigatur,
1013 2746 1051 2808 et
1064 2737 1204 2833 factm
1227 2739 1352 2834 repri-

303 2850 416 2923 mitur
423 2877 438 2933 ;
462 2849 594 2923 dmum
611 2859 650 2922 et
666 2847 837 2948 Angliee‚
862 2848 905 2922 ob
927 2849 1110 2946 seriptum
1133 2849 1254 2946 ipsius
1271 2850 1351 2924 Aa·

299 2961 490 3060 glicumum
507 2961 845 3058 concilii-esuriam,
857 2987 929 3059 quo
942 2984 1113 3033 scurram
1124 2962 1221 3059 agit,
1233 2961 1351 3054 dre.-

304 3075 389 3148 Hoc
402 3076 515 3149 habet
532 3075 711 3148 mercedis
729 3076 776 3148 ob
794 3075 983 3172 politicam
1001 3099 1117 3163 suam,
1136 3076 1350 3150 leviathan.

354 3186 401 3261 B.
428 3189 597 3262 Fortasse
607 3188 793 3261 Wallisius
808 3200 939 3262 contra
949 3187 1052 3261 illum
1063 3188 1178 3261 iratus
1192 3190 1350 3284 scripsit,

304 3315 343 3374 et
361 3312 465 3375 tauto
482 3302 659 3398 asperius,
689 3315 828 3399 quanto
853 3302 947 3374 liber
972 3301 1033 3373 ille
1056 3301 1265 3375 hominibus
1284 3303 1351 3376 ho-

304 3416 418 3488 nestis
434 3416 550 3510 magis
564 3414 715 3510 placuit.
768 3414 840 3487 Sed
855 3415 1044 3488 videamus
1057 3438 1104 3487 an
1118 3414 1156 3486 in
1171 3415 1241 3487 hoc
1255 3415 1349 3489 libro

303 3527 470 3618 Wallisii‚
488 3526 581 3600 nihil
598 3527 645 3600 sit
662 3527 762 3623 quod
780 3540 966 3601 mereatur
984 3526 1167 3621 castigari.

352 3639 399 3715 A.
426 3640 699 3715 Accedentibus
731 3641 809 3734 jam
844 3641 893 3713 ad
915 3641 1036 3736 ipsum
1070 3662 1161 3734 opus
1206 3642 1350 3715 mathe-

303 3756 492 3843 maticum,
519 3755 584 3827 ubi
607 3755 764 3827 orationi
787 3754 1000 3827 scientificae
1023 3752 1184 3825 debitam
1207 3766 1350 3842 ἀκρίβειαν

303 3868 451 3964 exigere
472 3893 547 3942 uon
565 3867 675 3940 modo
692 3868 859 3963 iniquum
883 3890 958 3939 nou
978 3877 1044 3954 est,
1071 3866 1266 3941 sedetiam
1283 3893 1347 3942 ne-

303 3981 512 4068 cessarium,
540 3981 714 4078 quicquid
740 4004 815 4054 nou
841 3981 1116 4052 accuratissime
1134 3980 1287 4070 dictum,
1309 3983 1348 4056 id

302 4095 456 4169 liberum
479 4095 550 4168 erit
578 4093 859 4191 reprehendere.
910 4092 966 4166 De
986 4094 1094 4167 rebus
1118 4095 1229 4184 enim,
1258 4121 1347 4193 qua-

301 4231 385 4280 rum
402 4207 555 4281 scientia
572 4221 675 4281 certa
691 4230 769 4280 esse
786 4216 920 4301 potest,
945 4205 1043 4279 idem
1061 4218 1117 4279 est
1138 4231 1214 4280 non
1237 4234 1345 4283 accu-

300 4334 394 4413 rate,
413 4332 452 4395 et
467 4319 557 4394 false
576 4320 710 4395 dicere.
763 4320 892 4413 ltaque
909 4318 974 4415 qui
992 4332 1145 4415 propter
1162 4320 1345 4398 inscitiam
