2946 5010
367 434 682 486 narnnnarrcra
703 435 945 485 nonrnunn.
1127 423 1177 486 65

183 598 340 672 Decima
365 615 472 674 sextu
496 612 575 686 est;
608 601 674 674 hoe
702 627 786 673 uero
811 611 989 699 puuctum
1016 612 1178 674 centrum
1216 629 1368 670 nameus

130 711 268 784 tu‘rcult'
285 713 527 810 appellatum
553 715 593 787 id
610 727 677 804 est,
695 728 874 810 punctum
892 715 991 811 quod
1011 715 1049 787 in
1066 739 1178 811 gene·
1219 711 1362 813 „L

129 825 277 899 ratione
304 827 432 901 circuli
460 828 684 924 quiescebat.
737 828 890 901 Decima
917 829 1071 924 septima
1098 830 1177 902 haee

128 952 212 1022 est;
239 939 419 1012 diameter
435 951 558 1014 autem
575 940 710 1013 circuli
727 951 784 1013 eet
804 951 907 1013 reete
923 941 1089 1037 quaedum
1100 967 1178 1038 per

127 1060 298 1123 centrum
315 1052 436 1140 dueta,
455 1063 492 1126 et
509 1079 557 1126 ee
571 1063 731 1151 utruque
740 1063 858 1150 purte
877 1054 914 1127 in
927 1055 1062 1127 circuli
1071 1056 1178 1151 peri-

122 1162 268 1259 pheria
298 1164 511 1256 terminata,
544 1192 621 1263 pure
651 1167 828 1240 circulum
859 1167 1038 1264 offertum
1059 1179 1176 1243 terat.

131 1274 177 1348 In
195 1301 270 1373 qua
283 1278 375 1351 nihil
389 1291 446 1351 est
462 1304 537 1353 non
550 1292 776 1368 accuratum,
792 1281 863 1353 nisi
877 1281 976 1378 quod
993 1296 1178 1376 postrema

129 1389 256 1478 verba,
288 1417 374 1489 quse
406 1391 585 1465 circulum
619 1391 797 1489 hffurium
829 1403 945 1482 secut,
976 1395 1176 1470 abundent.

129 1499 309 1576 Definitio
343 1505 442 1577 enim
476 1504 646 1577 diametri
680 1505 848 1579 absoluta
881 1519 961 1579 erat
996 1507 1074 1581 sine
1105 1509 1176 1581 illis

129 1615 276 1702 verbis;
303 1641 389 1713 quae
413 1617 510 1690 inter
535 1619 730 1708 axiomata,
754 1619 813 1691 vel
840 1620 964 1715 potius
990 1621 1087 1694 inter
1113 1622 1175 1694 de-

129 1740 339 1802 monstrata
355 1730 597 1819 theoremata,
615 1732 785 1827 ponenda
803 1747 919 1805 erant.

182 1841 425 1917 Definitiones
451 1856 596 1918 eaeterae
618 1869 734 1941 usque
757 1845 805 1918 ad
828 1846 1052 1919 tricesimam
1070 1848 1175 1942 quin-

128 1967 313 2052 tam,quae
326 1957 508 2030 Elementi
522 1959 630 2055 primi
643 1971 831 2054 postrema
844 1970 911 2048 est,
925 1973 968 2032 ut
980 1961 1175 2049 facillimae,

129 2066 185 2140 ita
211 2070 323 2141 etiam
356 2072 641 2144 accuratissimae
669 2085 766 2145 sunt.
829 2074 913 2169 Ipsa
938 2088 1062 2146 autem
1092 2098 1177 2169 pos-

129 2192 251 2254 trema
273 2181 353 2255 haee
376 2196 433 2256 est
463 2183 683 2280 :parallelae
703 2195 789 2257 eunt
812 2183 918 2258 linere
943 2195 1066 2276 reetae,
1093 2212 1176 2283 pure

125 2317 212 2365 curn
237 2294 275 2367 in
300 2296 426 2369 eodem
451 2296 528 2369 tint
545 2297 674 2394 plano,
700 2307 737 2370 et
759 2323 806 2371 en
828 2307 987 2394 utruque
1001 2309 1121 2395 purte
1138 2299 1176 2371 in

127 2406 309 2500 infinitum
325 2408 598 2506 producuntur,
625 2411 663 2484 iu
686 2420 853 2483 neutram
876 2410 950 2483 eibi
973 2421 1095 2484 ututuo
1120 2413 1175 2484 iu-

125 2517 270 2593 eidunt.

180 2633 231 2705 B.
260 2632 361 2708 Quid
377 2635 416 2706 in
433 2635 504 2709 huo
529 2635 741 2709 definitione
761 2636 1024 2732 reprehendis?

180 2745 231 2820 A.
257 2747 519 2821 Definitionem
553 2749 649 2821 hane
683 2750 940 2844 parallelarum
975 2761 1172 2840 rectarum,

129 2859 232 2955 quod
248 2861 384 2934 attinet
401 2862 449 2934 ad
466 2887 585 2951 usum,
612 2863 701 2936 satis
721 2864 857 2935 bonam
874 2887 953 2936 esse
970 2888 1045 2936 non
1064 2888 1172 2960 nego.

130 2971 206 3046 Sed
233 2975 406 3070 quoniam
436 2975 701 3071 parallelismus
729 2976 860 3064 omnia,
887 2989 964 3048 tam
989 2991 1173 3050 rectarum

127 3109 243 3183 quam
265 3112 472 3177 curvarum,
500 3102 576 3162 tam
607 3089 786 3162 linearum
819 3113 930 3185 quam
960 3092 1171 3185 superficie-

128 3223 225 3287 rum,
240 3201 403 3297 ejusdem
418 3213 475 3275 est
493 3214 647 3290 naturae,
662 3214 701 3274 et
712 3226 785 3274 una
799 3201 1013 3274 definitione
1027 3203 1172 3275 univer·

128 3313 197 3386 sali
224 3316 583 3411 comprehensibilis:
615 3316 751 3387 rectius
777 3315 931 3388 fortasse
957 3315 1115 3404 lecisset,
1140 3318 1172 3388 si

128 3427 323 3524 parallelas
365 3429 580 3525 simpliciter
614 3428 811 3502 definisset.
887 3429 1069 3502 Praeterea
1103 3431 1172 3503 nisi

128 3564 241 3614 eausa
260 3541 384 3637 aliqua
407 3543 446 3613 in
470 3541 683 3614 definitione
706 3540 962 3637 parallelorum
989 3554 1171 3614 rectarum

126 3667 316 3751 appareat,
337 3679 450 3751 quare
475 3654 557 3728 duae
581 3668 693 3727 rectae
717 3678 905 3749 nunquam
937 3669 1170 3742 concurrunt,

126 3767 330 3839 absurdum
348 3792 423 3840 non
448 3769 519 3840 erit
544 3769 573 3841 si
604 3767 812 3863 hujusmodi
837 3768 951 3840 lineas
982 3767 1171 3861 possibiles

123 3902 208 3952 esse
226 3880 493 3974 negaverimus.

178 3992 228 4065 B.
256 3993 378 4065 Defini
396 4017 483 4088 ergo
501 3993 715 4088 simpliciter
732 3992 935 4086 parallelae.

175 4107 226 4178 A.
253 4104 1015 4202 Duceliuerequceetrnque,eieereetoesiue
1032 4128 1170 4187 curre·

124 4220 211 4294 iterur
230 4219 315 4292 duce
333 4219 561 4316 superficiee,
573 4218 701 4315 plaute
718 4216 775 4289 uel
790 4243 859 4288 non
880 4217 1022 4315 plnum,
1036 4217 1170 4313 purul-

118 4333 207 4407 lelae
220 4344 321 4418 eunt,
340 4333 379 4404 in
397 4357 486 4428 qmtu
504 4333 708 4406 incidentes
725 4330 830 4404 linere
847 4330 1169 4428 reetaefireientet·

224 4469 321 4522 von.
341 4468 400 4520 lv.
1049 4466 1071 4516 n
