2946 5010
368 428 683 489 marnnmarrom
703 435 946 491 nontamen.
1106 428 1176 495 113

186 601 354 699 Exempli
371 627 504 677 causat
531 603 577 677 sit
596 602 824 700 quadratum.
836 613 896 694 36,
915 606 1019 701 cujus
1039 607 1175 680 tradi-
1211 638 1360 680 unrocus

134 738 197 789 ces
210 715 417 789 dividendae
431 724 625 812 suntper2
641 715 782 790 radices
800 716 969 813 quadrati
979 721 1121 793 numeri
1138 731 1173 796 4.
1212 719 1354 824 ᾧ

184 827 319 903 Divido
337 852 425 924 ergo
439 836 486 902 36
499 852 565 925 per
581 835 605 900 9
620 860 630 914 ;
657 829 825 925 quotiens
844 841 901 903 est
917 839 952 904 4.

125 994 131 1003 ·
184 941 319 1015 Divido
336 943 426 1015 item
444 952 465 1015 4
481 965 547 1038 per
564 949 587 1014 2
604 972 613 1025 ;
641 941 811 1036 quotiens
829 951 884 1015 est
901 951 937 1015 2.

184 1053 715 1151 Interponointerquotientes
728 1066 855 1127 notam
868 1053 1013 1128 radicis.
1044 1055 1173 1152 ltaque

133 1166 304 1262 quotiens
321 1167 494 1264 quaesitus
513 1179 569 1240 est
587 1176 609 1240 2
625 1175 690 1240 44.
746 1167 795 1241 Et
813 1180 834 1239 4
851 1178 880 1240 d
897 1176 957 1258 36,
975 1166 1013 1240 id
1039 1181 1094 1242 est
1110 1179 1172 1260 24,

132 1279 165 1352 si
187 1279 375 1355 dividatur
399 1304 465 1377 per
482 1290 504 1354 2
521 1285 585 1369 49,
613 1279 652 1353 id
669 1289 725 1354 est
742 1288 779 1369 6,
796 1280 868 1353 erit
884 1290 906 1354 2
923 1291 988 1371 aa,
1012 1280 1051 1354 id
1068 1294 1123 1357 est
1136 1293 1170 1358 4.

134 1419 232 1494 Nam
249 1389 560 1536 ss—ffl-ffldss}

180 1560 231 1633 B.
258 1561 454 1636 Quomodo
487 1574 613 1635 autem
643 1562 746 1635 radix
782 1563 997 1660 quadratica
1025 1569 1169 1639 numeri

130 1697 205 1762 nou
219 1672 401 1771 quadrati,
411 1699 435 1748 a
447 1673 571 1748 radice
586 1674 801 1771 quadratioa
814 1677 957 1750 numeri
971 1677 1082 1751 etiam
1093 1703 1168 1753 non

131 1787 302 1884 quadrati
319 1779 573 1861 subtrahitur?

180 1899 230 1971 Α.
259 1899 299 1972 Si
310 1899 450 1973 radices
463 1900 533 1972 illae
548 1901 621 1974 sint
634 1900 1059 1998 commensurabiles,per
1071 1902 1168 1976 hanc

130 2011 306 2108 regulam.
363 2012 560 2087 Dividatur
591 2026 746 2111 uterque
771 2037 944 2087 numerus
973 2038 1040 2111 per
1068 2040 1169 2089 max-

129 2123 242 2198 imam
275 2126 468 2199 amborum
497 2150 703 2200 mensnram
737 2150 981 2200 communem.
1050 2128 1170 2202 Radix

129 2251 254 2311 autem
272 2238 420 2334 majoris
438 2238 623 2312 dividatur
652 2241 691 2311 in
719 2239 901 2312 rationem
918 2239 1052 2313 radicis
1079 2265 1170 2337 quo-

129 2350 256 2424 tientis
269 2351 318 2424 ad
334 2351 494 2425 radicem
511 2352 722 2447 quotientis.
774 2352 940 2449 Exempli
962 2375 1096 2428 cansa:
1122 2354 1170 2427 sit

129 2463 235 2537 radix
252 2465 466 2560 quadratica
482 2472 532 2539 20
545 2464 783 2538 subducenda
799 2488 843 2537 ex
862 2465 985 2538 radice
1013 2465 1169 2561 quadra·

127 2577 203 2651 tica
223 2587 299 2661 453
326 2577 450 2652 divisis
474 2587 522 2650 45
545 2589 584 2651 et
614 2586 662 2652 20
688 2601 754 2673 per
782 2601 1013 2651 communem
1040 2602 1167 2653 eorum

128 2712 337 2764 mensuram
360 2692 556 2766 maximam
575 2701 611 2780 5,
629 2691 835 2786 quotientes
863 2703 949 2764 sunt
971 2698 994 2764 9
1019 2703 1057 2765 et
1075 2703 1110 2782 4,
1129 2706 1168 2768 et

128 2827 255 2876 eorum
272 2803 414 2878 radices
437 2814 461 2878 3
478 2817 517 2878 et
537 2810 572 2877 2.
634 2802 766 2876 Divide
789 2826 878 2898 ergo
901 2804 1062 2877 radicem
1079 2829 1169 2901 qua·

128 2915 308 2991 draticam
319 2926 365 2991 45
378 2918 416 2991 in
431 2918 612 2991 rationem
623 2925 646 2989 3
657 2915 705 2989 ad
719 2925 763 2999 2;
783 2916 925 3011 eritque
935 2931 1167 3013 segmentum

127 3029 249 3103 minus
278 3029 401 3103 radice
425 3029 640 3126 quadratica
657 3036 730 3112 20;
757 3052 801 3101 ex
830 3053 903 3125 quo
931 3033 1167 3125 cognoscitur

126 3140 315 3216 residuum
328 3142 376 3215 ad
392 3142 555 3216 radicem
569 3140 821 3238 quadraticam
839 3151 899 3214 45.

176 3254 223 3328 Β.
252 3254 326 3329 Sed
336 3256 441 3330 radix
452 3255 724 3353 quadratica45
739 3278 824 3327 cum
835 3278 1007 3329 numerus
1017 3279 1092 3328 non
1104 3255 1164 3345 sit,

126 3366 241 3442 dividi
254 3370 293 3443 in
306 3370 487 3443 rationem
505 3378 528 3442 3
546 3368 593 3441 ad
611 3378 633 3442 2
652 3379 823 3441 accurate
836 3392 911 3442 non
929 3379 1060 3464 potest.
1093 3368 1165 3440 Ve-

126 3479 190 3553 lim
203 3504 292 3578 ergo
306 3483 400 3555 scire
417 3484 522 3578 cujus
539 3481 682 3553 numeri
692 3479 799 3553 radix
810 3481 858 3552 sit
870 3480 960 3553 illud
967 3479 1164 3554 residuum.

174 3593 225 3667 A.
253 3594 371 3667 Aliam
390 3595 504 3692 igitur
516 3592 731 3668 methodum
744 3593 885 3667 radices
897 3616 1166 3666 commensura·

125 3705 216 3780 biles
233 3719 313 3780 tum
331 3707 557 3782 subducendi
575 3720 654 3780 tum
667 3705 838 3796 addendi,
851 3730 920 3779 nec
933 3705 1164 3801 quadraticas

125 3819 236 3893 modo
253 3820 319 3894 sed
339 3822 450 3895 etiam
470 3821 629 3909 cubicas,
647 3819 799 3892 habebis
824 3843 868 3892 ex
889 3818 1000 3894 Olane
1016 3816 1162 3889 Mathe-

124 3932 264 4006 matico
283 3933 514 4030 Onghtredi3
540 3933 738 4007 additionis
765 3931 913 4028 quidem
938 3932 1046 4003 hanc.
1097 3928 1162 4002 Di-

124 4045 273 4119 vidntur
285 4057 440 4143 uterque
461 4070 635 4120 numerus
661 4068 727 4142 per
754 4045 949 4117 maximam
973 4043 1166 4116 amborum

123 4181 334 4232 mensnram
368 4183 625 4242 communem;
668 4158 809 4230 radices
848 4158 1036 4253 utriusque
1074 4179 1164 4252 quo-

123 4271 250 4346 tientis
294 4272 404 4346 simul
439 4273 648 4357 addantur;
692 4272 806 4345 totius
845 4271 1064 4368 quadratum
1098 4293 1165 4366 per

223 4408 320 4461 voa.
340 4409 396 4460 ιν.
607 4407 609 4411 ’
1050 4406 1064 4456 1
