2946 5010
461 453 795 506 enomnrnnnuu.
1071 437 1144 505 405

107 617 228 689 ductae
245 641 267 690 a
285 626 411 691 centro
430 618 477 691 ad
504 619 849 706 circumferentiam,
866 618 1007 691 faciunt
1023 629 1066 691 ut
1083 643 1144 692 an·
1179 646 1247 687 cnr».
1259 646 1324 687 vm.

105 729 212 824 gulos
233 731 491 827 conspiciatur.
545 733 675 828 Neque
697 744 784 805 sunt
808 731 880 805 illae
907 732 1013 805 lineae
1032 743 1144 807 rectae

106 841 152 913 de
180 843 337 915 essentia
362 844 498 939 anguli,
521 846 582 940 qui
609 845 687 918 sine
712 845 784 918 illis
812 845 1079 918 determinatur
1105 846 1144 918 in

105 978 205 1041 arcu,
220 979 428 1052 quanquam
443 959 652 1032 essentiales
670 960 744 1032 sint
757 959 884 1054 figuris
898 959 1092 1055 angulatis,
1103 971 1146 1033 ut

107 1069 311 1163 triangulis,
330 1070 529 1165 quadratiS,
547 1083 616 1144 etc.

156 1183 211 1253 Ex
226 1183 282 1255 his
301 1208 382 1279 quae
396 1184 497 1257 dicta
514 1197 600 1257 sunt
617 1185 663 1258 de
677 1195 810 1258 natura
823 1186 960 1282 anguli,
978 1186 1098 1259 brevis
1108 1197 1147 1260 et

104 1295 202 1367 clara
225 1297 381 1392 emergit
405 1297 530 1392 anguli
554 1298 663 1393 hujus
690 1298 836 1393 generis
860 1298 1026 1371 definitio
1044 1299 1144 1372 haec:

105 1407 278 1504 Angelus
296 1418 353 1480 est
367 1408 608 1499 circuitionis,
619 1409 695 1482 siae
709 1409 1010 1500 circumlationis,
1029 1410 1145 1500 radii,

1186 713 1329 744 bar-⁴

1190 772 1320 831 magua

104 1521 187 1592 deam
205 1521 383 1593 circulum
399 1520 459 1595 ael
469 1531 622 1620 partem
640 1520 774 1595 circuli
792 1521 985 1611 describit,
1004 1522 1144 1619 quonti-
1253 1613 1259 1629 Ι

106 1644 177 1705 tna.
239 1633 370 1707 Dicere
400 1635 497 1706 enim
526 1635 625 1730 quod
652 1635 700 1707 sit
730 1633 923 1707 inclinatio
950 1633 1144 1725 linearum,

106 1746 262 1818 aniculae
292 1747 413 1841 potius
442 1759 497 1819 est
528 1747 688 1820 sedentis
714 1747 761 1821 ad
790 1747 965 1843 angulum
997 1748 1144 1837 camini,

106 1883 214 1953 quam
233 1859 495 1949 mathematici,
513 1860 747 1956 ejusdemque
773 1861 935 1932 accurati
959 1871 997 1932 et
1022 1861 1144 1955 rigidi.

155 1972 367 2044 Mansuram
395 1985 517 2045 autem
546 1974 653 2068 hujus
670 1973 816 2069 generis
842 1973 1060 2068 angulorum
1078 1997 1144 2070 ag-

104 2098 261 2157 noscunt
279 2109 404 2158 omnes
422 2109 501 2159 esse
518 2110 645 2159 arcum
663 2087 813 2159 circuli:
833 2100 1040 2181 agnoscunt
1053 2087 1144 2161 item

103 2221 308 2270 mensuram
337 2210 375 2271 et
402 2211 652 2272 mensuratum
683 2223 760 2272 esse
788 2200 827 2271 in
851 2198 979 2272 eodem
1007 2224 1143 2295 genere

104 2312 329 2405 quantitatis
392 2312 494 2385 Idem
512 2337 600 2408 ergo
617 2327 673 2386 est
700 2313 917 2409 quantitatis
939 2337 1067 2410 genus,
1086 2339 1143 2388 ar·

104 2447 169 2495 cus
188 2437 224 2497 et
242 2425 410 2520 angulus.

154 2536 435 2610 Consideremus
465 2540 544 2634 jam
573 2550 742 2612 naturam
777 2539 909 2636 anguli
940 2549 1142 2615 contactus.

103 2650 228 2723 Divisa
258 2651 324 2724 AB
351 2651 519 2724 bifariam
549 2652 586 2723 in
611 2653 658 2737 K,
686 2651 788 2725 radio
819 2652 886 2725 KB
915 2653 1143 2728 describatur

102 2765 351 2837 semicirculus
370 2763 454 2837 BA:
480 2763 707 2861 duceturque
724 2775 826 2838 recta
843 2766 908 2838 BL
919 2767 1142 2862 magnitudi-

101 2877 159 2950 nis
193 2877 405 2967 indefinitae,
436 2877 500 2952 sed
533 2878 707 2975 parallela
735 2879 818 2967 AF,
835 2903 917 2975 quae
946 2895 1143 2977 propterea

101 3000 229 3084 tanget
246 2990 401 3063 circulos
419 2991 484 3063 ΒΑ
503 3004 540 3063 et
558 2991 623 3064 BD
641 2991 678 3063 in
696 3002 834 3087 puncto
853 2992 894 3064 B.
949 2993 1141 3089 Suppona-

101 3125 182 3174 mus
206 3116 345 3175 rectam
368 3103 540 3199 aliquam,
559 3115 600 3176 ut
622 3102 695 3189 BL,
715 3103 892 3198 aequalem
918 3105 1020 3177 arcui
1050 3105 1139 3177 BA:

101 3213 322 3307 impossibile
341 3217 439 3289 enim
457 3239 530 3287 non
550 3227 617 3288 est.
671 3216 926 3311 Supponamus
949 3218 1059 3290 etiam
1078 3218 1141 3291 BL

102 3325 141 3397 in
165 3327 263 3398 omni
282 3328 359 3422 ejus
372 3341 509 3422 puncto
523 3328 712 3423 aqualiter
737 3329 834 3401 flecti
851 3328 927 3400 sive
944 3329 1140 3420 incurvari,

102 3438 155 3509 ita
172 3451 214 3509 ut
232 3439 417 3512 coincidet
434 3464 518 3512 cnm
535 3464 622 3513 arcu
643 3441 729 3514 BA:
747 3464 866 3536 neque
883 3442 981 3513 enim
998 3443 1069 3515 hoc
1084 3454 1141 3515 est

100 3551 335 3645 impossibile,
357 3553 443 3649 quia
466 3566 508 3627 ut
534 3577 642 3627 arcus
669 3554 881 3627 extensione
909 3555 989 3628 fieri
1019 3566 1141 3650 potest

100 3663 197 3735 linea
213 3679 326 3752 recta,
345 3666 397 3739 ita
416 3677 517 3740 recta
532 3690 598 3762 per
611 3667 820 3739 flectionem
835 3669 1000 3740 converti
1017 3679 1141 3763 potest

100 3776 137 3847 in
155 3799 281 3850 arcum
300 3778 438 3851 circuli.
493 3780 681 3852 Habemus
708 3802 797 3874 ergo
824 3778 916 3852 dnos
934 3805 1042 3854 arcus
1061 3781 1139 3868 BA,

101 3888 166 3960 BD
184 3890 372 3986 aequaliter
390 3916 533 3981 curvos,
551 3916 759 3989 quanquam
777 3893 1032 3987 magnitudine
1049 3894 1140 3966 inae-

99 4003 235 4098 quales.
287 4004 441 4093 Deinde,
460 4005 490 4078 si
508 4030 531 4078 a
547 4018 686 4101 puncto
709 4005 739 4078 B
763 4004 920 4077 ducatur
942 4018 1045 4077 recta
1063 4005 1138 4078 BM

99 4140 226 4189 secans
244 4131 441 4214 utrumque
459 4118 738 4204 semicirculum,
755 4120 929 4212 majorem
949 4118 986 4189 in
1001 4119 1054 4206 M,
1069 4118 1138 4191 mi·

99 4252 227 4303 norem
244 4231 282 4303 in
301 4231 360 4303 N:
387 4244 495 4305 erunt
514 4255 658 4327 qnoque
676 4255 781 4304 arcus
800 4231 885 4318 ΒΜ,
905 4230 972 4303 ΒΝ
990 4231 1137 4328 aequali-

99 4355 156 4415 ter
174 4367 306 4434 curvae,
326 4369 409 4417 cum
427 4344 553 4419 sintin
572 4344 701 4418 eadem
718 4344 859 4419 ratione
878 4368 960 4418 cum
975 4345 1049 4419 suis
1067 4345 1137 4418 cir·
