2946 5010
310 381 358 448 36
526 396 797 451 uxumuarro
816 398 869 451 ur
885 397 1135 451 suasurum

118 585 268 629 numam
308 563 449 638 viorem
465 564 588 639 facere
597 565 775 640 dicendus
791 567 874 656 erit,
887 566 951 664 qui
966 567 1006 639 iu
1023 569 1103 664 ejus
1115 566 1239 640 locum
1251 564 1353 638 hanc

123 668 268 774 ,ᾗ
309 676 553 769 substituerit,
572 678 763 753 definitum
780 702 922 776 ponens
941 680 981 753 iu
998 679 1227 769 definitione,
1246 677 1352 751 tomo

306 799 365 862 est
380 789 513 876 mmo:
538 792 847 889 quemadmodum
863 793 1049 868 Wallisius
1075 793 1182 890 ponit
1204 792 1352 866 ἄοικοι·

307 910 436 977 strare
452 905 491 979 in
509 904 721 981 definitione
739 906 1078 980 demonstrationis.

358 1016 408 1092 B.
434 1018 552 1093 Video
569 1043 668 1094 nunc
687 1020 940 1095 definitionem
964 1019 1217 1093 Wullisiunam
1241 1018 1352 1094 vitio-

305 1153 385 1203 sam
402 1154 494 1207 esse.
546 1132 620 1208 Sed
636 1132 699 1208 illa
717 1133 952 1209 Aristotelica
967 1156 1091 1207 nonne
1106 1132 1207 1206 bona
1221 1131 1307 1207 est?

357 1244 409 1318 Α.
434 1244 568 1321 Melior
598 1246 758 1344 quidem,
789 1246 856 1320 sed
888 1269 964 1320 non
996 1255 1181 1321 accurata,
1249 1245 1349 1320 Nam

307 1357 378 1432 etsi
394 1358 476 1432 fieri
490 1359 618 1456 possit,
637 1370 681 1434 ut
703 1359 970 1434 demonstratio
996 1381 1044 1432 ex
1064 1359 1176 1432 unico
1201 1368 1350 1434 constet

306 1470 528 1568 syllogismo,
544 1472 584 1547 id
606 1483 732 1548 tamen
752 1472 978 1547 rarissimum
995 1483 1065 1546 est
1102 1471 1241 1547 Debuit
1256 1496 1348 1571 ergo

304 1582 428 1658 dicere
445 1598 633 1676 συλλογισμὸς
649 1598 667 1667 ἢ
685 1599 878 1676 συλλογισμοὶ
933 1583 1089 1673 Deinde,
1104 1583 1197 1658 illud
1214 1598 1262 1656 sal
1282 1621 1349 1675 rpo-

301 1711 395 1787 vapor,
406 1696 593 1782 abundat3
610 1720 698 1771 nam
713 1708 800 1772 ante
818 1697 963 1772 dixerat
979 1716 1026 1774 eat
1038 1717 1159 1793 rpem.
1207 1697 1347 1789 Tertio,

303 1809 394 1883 illud
410 1825 455 1881 sci
467 1821 565 1883 uirium
576 1829 624 1884 τοῦ
637 1822 875 1903 σύμπερᾶσμανος,
891 1810 1082 1909 proprium
1103 1834 1180 1885 noll
1200 1822 1259 1885 est
1274 1812 1348 1909 Syl·

301 1922 447 2020 logismi
464 1921 753 2013 demonstrativi,
775 1922 841 1997 sed
860 1923 1027 1999 omnium
1050 1922 1347 2054 syllogismorum

301 2058 510 2126 commune,
527 2035 641 2110 etiam
656 2058 785 2110 eorum
802 2037 841 2110 in
859 2036 991 2134 quibus
1007 2046 1084 2110 tam
1098 2037 1217 2133 major
1233 2061 1346 2134 quam

301 2151 423 2225 minor
438 2148 642 2247 propositio
659 2159 717 2223 est
731 2150 834 2224 falsa
886 2148 1057 2246 Exempli
1076 2172 1210 2234 causa;
1235 2151 1346 2280 syllo-

301 2263 441 2358 gismm
456 2260 642 2358 legitimus
659 2272 727 2352 est,
744 2262 861 2336 ommis
883 2263 986 2337 mmo
1001 2272 1059 2335 est
1075 2261 1205 2361 lapi„
1229 2263 1346 2338 omnis

301 2375 405 2475 lapis
433 2384 491 2448 etl
519 2375 686 2460 animal:
716 2400 810 2474 crgo
839 2376 956 2450 ommis
980 2376 1085 2450 domu
1109 2386 1167 2449 est
1192 2376 1344 2452 animal,

303 2488 417 2563 Vides
445 2488 506 2561 hic
533 2488 806 2562 conclusionem
827 2489 1034 2563 necessario
1057 2489 1161 2586 sequi
1181 2512 1228 2563 ex
1249 2513 1345 2588 prae·

302 2601 434 2686 missis,
461 2611 501 2674 et
524 2611 720 2698 propterea
744 2603 950 2700 praemissas
975 2602 1085 2676 falsas
1110 2625 1240 2676 causas
1265 2626 1345 2679 esse

300 2737 407 2811 posse
435 2714 701 2799 conclusionis,
726 2729 770 2790 ut
796 2729 920 2790 tamen
942 2715 1141 2813 syllogismi
1158 2716 1250 2790 tales
1267 2742 1343 2794 non

300 2825 376 2901 sint
417 2826 759 2901 demonstrationes.
830 2829 1031 2917 Postremo,
1079 2827 1344 2906 demonstratio

300 2939 420 3013 omnis
436 2939 605 3037 procedit
619 2941 667 3015 ab
684 2940 797 3039 ipsius
813 2940 1019 3016 affectionis
1046 2939 1343 3019 demonstranda

300 3076 433 3138 causa;
459 3065 504 3127 ut
519 3053 550 3127 si
566 3053 614 3128 ab
631 3077 688 3145 eo,
705 3054 806 3151 quod
821 3065 922 3128 terra
946 3054 1166 3151 interposita
1181 3055 1231 3129 sit
1246 3057 1343 3133 inter

300 3162 415 3239 solem
431 3177 471 3241 et
486 3166 623 3256 lunam,
644 3165 826 3262 (exemplo
843 3179 929 3240 utor
945 3165 1215 3258 Aristotelico),
1229 3170 1342 3269 eclip-

300 3278 357 3352 sin
382 3279 462 3353 fieri
488 3279 587 3353 lunae
612 3278 948 3364 demonstraretur3
974 3279 1206 3376 interpositio
1231 3293 1341 3359 terrae

299 3413 375 3465 non
409 3404 467 3465 est
494 3391 739 3466 conclusionis
762 3416 884 3482 causa,
908 3390 972 3466 sed
998 3392 1179 3489 eclipstoc.
1233 3396 1341 3473 Fallit

299 3503 484 3580 interdum
500 3529 582 3595 coc,
599 3528 667 3603 pro
683 3528 728 3580 re
744 3529 783 3580 se
799 3507 980 3603 ingerens.

351 3618 400 3693 B.
427 3619 608 3694 Quaenam
625 3629 748 3694 autem
764 3631 821 3695 est
836 3618 1160 3695 demonstrationis
1173 3618 1339 3698 definitio

299 3733 496 3808 accurata?

349 3846 399 3920 Α.
425 3846 709 3921 Demomlrutio
730 3856 788 3919 cst
804 3843 1060 3943 syllogismus,
1077 3843 1138 3918 uel
1156 3846 1339 3948 syllogis-

299 3981 436 4031 morum
452 3957 582 4048 series,
600 3983 625 4032 u
645 3957 826 4032 mmimum
849 3955 1123 4051 definitionibus
1147 3981 1265 4058 usque
1287 3959 1342 4034 cd

298 4069 565 4144 conclusionem
581 4070 747 4145 ultimum
764 4067 948 4143 deriumu.

349 4185 398 4259 B.
426 4184 538 4274 Quid,
556 4185 587 4259 si
605 4184 899 4282 syllogismorum
923 4184 1067 4282 aliquis,
1087 4184 1147 4258 vel
1170 4184 1336 4263 definitio

297 4300 420 4397 aliqua
436 4298 568 4374 vitiosa
584 4298 658 4372 sit?
