2946 5010
285 391 359 458 256
604 406 658 457 os
679 405 848 459 maruan
867 404 1004 456 sums.

284 573 482 648 ascendere
517 573 647 648 eodem
682 587 817 648 conatu
852 598 924 670 quo
960 573 1081 647 tendit
1111 573 1333 647 naturaliter

284 687 468 776 deorsum,
487 687 576 783 quid
592 687 721 761 fieret?

338 801 385 875 B.
413 800 500 889 Aer,
514 824 640 875 rursus
657 825 788 898 aquam
799 813 1007 897 penetrans,
1021 799 1145 873 locum
1161 800 1200 872 iu
1217 799 1336 897 cylin-

287 912 355 986 dro
372 926 579 1009 capesseret
595 913 817 986 inferiorem.

336 1026 387 1099 A.
415 1026 493 1098 Cur
509 1038 632 1099 autem
647 1026 744 1099 idem
759 1051 833 1099 non
849 1027 1092 1121 contingeret,
1104 1026 1135 1098 si
1152 1049 1219 1122 pro
1234 1049 1335 1121 aqua

285 1163 504 1237 poneremus
522 1140 561 1213 iu
579 1139 745 1235 cylindro
761 1152 957 1236 argentum
973 1139 1096 1212 vivum
1112 1138 1124 1210 l

336 1253 386 1326 B.
415 1253 615 1349 Continget
632 1253 742 1326 idem.

336 1366 385 1440 Α.
412 1366 545 1462 Cogita
557 1368 636 1462 jam
656 1368 695 1438 in
713 1366 965 1464 experimento
983 1365 1257 1453 Torricelliano‚
1272 1391 1334 1439 ar·

286 1489 439 1574 gentum
463 1480 586 1552 vivum
612 1478 834 1552 descendere
859 1480 898 1551 in
925 1480 1128 1575 subjectum
1149 1503 1224 1568 vae,
1243 1503 1333 1552 con·

286 1592 408 1665 tinans
438 1593 550 1666 etiam
581 1606 775 1689 argentum
801 1593 949 1676 vivum;
980 1605 1175 1687 argeutum
1206 1602 1334 1667 autem

284 1705 406 1778 vivum
433 1706 532 1801 quod
560 1706 598 1779 in
615 1730 701 1779 vase
726 1716 793 1794 est,
812 1704 1009 1778 ascendere
1037 1705 1168 1778 eodem
1194 1720 1334 1780 conatu

283 1843 358 1915 quo
376 1817 566 1893 descendit
592 1820 631 1892 in
659 1819 837 1915 cylindro,
855 1830 893 1892 et
914 1841 1080 1914 premere
1097 1818 1333 1894 ascendendo

286 1935 576 2031 superjacentem
603 1957 738 2022 aerem,
767 1933 831 2029 qui
855 1956 929 2020 aer,
952 1931 1157 2028 (supposito
1182 1932 1334 2004 univer-

283 2070 367 2120 sum
393 2048 570 2121 mundum
598 2071 677 2120 esse
701 2047 882 2143 plenum),
901 2046 1125 2142 pressionem
1145 2047 1334 2140 surgentis

286 2160 430 2255 argenti
456 2160 531 2232 vivi
558 2161 719 2255 effugere
744 2183 821 2232 nou
852 2158 969 2253 magis
995 2168 1130 2253 potest,
1159 2181 1268 2253 quam
1302 2160 1334 2232 si

284 2273 394 2345 ambo
425 2296 581 2369 corpora
609 2273 783 2345 conclusa
812 2282 935 2344 esseut
968 2271 1006 2344 in
1034 2295 1109 2344 uno
1140 2283 1177 2344 et
1200 2271 1333 2345 eodem

283 2385 464 2482 cylindro.
518 2386 642 2460 Quare
668 2386 914 2458 necessarium
938 2397 994 2456 est
1014 2397 1058 2457 ut
1078 2408 1141 2456 aer
1160 2396 1334 2480 penetret

284 2500 404 2597 ipsum
422 2523 554 2595 corpus
572 2500 716 2594 argenti
733 2499 818 2587 vivi,
835 2499 893 2571 vel
911 2510 1073 2570 transeat
1090 2498 1187 2570 inter
1203 2521 1332 2593 super-

284 2613 404 2684 ficiem
423 2612 568 2708 argenti
580 2612 653 2683 vivi
672 2635 871 2684 convexam
890 2623 928 2682 et
945 2609 1099 2704 cylindri
1118 2634 1331 2683 concavam.

284 2725 396 2796 Vides
409 2725 521 2819 igitur
535 2724 642 2818 hujus
656 2725 889 2818 phaeuomeni
902 2725 1084 2795 rationem
1103 2722 1206 2794 reddi
1223 2748 1332 2818 posse

285 2837 362 2908 sine
387 2836 636 2932 suppositione
653 2837 771 2926 vacui,
789 2837 847 2908 vel
876 2837 1009 2927 elastri‚
1028 2836 1084 2908 vel
1110 2847 1232 2909 motus
1259 2837 1333 2909 cir-

283 2949 418 3022 cularis
437 2949 610 3044 simplicis
628 2962 846 3023 atomorum.

334 3063 382 3136 B.
411 3064 450 3136 Si
468 3064 596 3161 quod*
611 3088 741 3137 revera
763 3065 857 3137 aeris
881 3063 1024 3159 pondus
1046 3064 1104 3151 sit,
1121 3063 1180 3135 vel
1198 3063 1228 3134 si
1246 3062 1333 3137 talis

284 3188 406 3250 motus
434 3178 482 3250 sit
506 3178 770 3274 particularum
796 3190 998 3249 terrearum
1023 3176 1168 3272 qualem
1186 3186 1226 3248 tu
1244 3201 1332 3272 sup-

283 3291 401 3388 ponis,
417 3292 555 3364 nihilne
573 3292 767 3363 conferunt
785 3290 832 3362 ad
849 3313 1041 3362 ascensum
1059 3301 1097 3361 et
1116 3288 1333 3364 descensum

281 3407 427 3501 argenti
445 3406 518 3478 vivi
533 3406 570 3477 in
590 3405 783 3501 cylindro?

336 3520 384 3591 A.
413 3520 534 3591 Etiam
570 3518 790 3600 conferuut;
839 3516 1024 3603 nimirum,
1059 3527 1102 3587 ut
1135 3526 1333 3610 argentum

283 3632 406 3704 vivum
434 3631 659 3727 aliquantulo
692 3631 813 3702 minus
840 3628 1049 3714 descendat,
1075 3653 1184 3723 quam
1210 3628 1240 3699 si
1266 3652 1334 3702 aer

284 3758 458 3818 externus
476 3756 572 3816 esset
588 3767 701 3839 purus
719 3756 757 3815 et
775 3744 853 3815 sine
870 3742 1045 3837 pondere.

336 3857 385 3931 B.
415 3857 557 3930 Scimus
573 3856 671 3951 quod
689 3855 736 3928 ad
753 3855 920 3927 altissimi
938 3855 1073 3926 montis
1092 3852 1252 3924 radicem
1271 3877 1334 3925 ar-

284 3983 438 4065 gentum
450 3972 585 4060 vivum,
598 3969 696 4064 quod
715 3983 770 4041 est
787 3969 824 4041 in
843 3967 1021 4064 cylindro,
1040 3967 1154 4062 magis
1174 3966 1335 4042 subsidit

285 4107 394 4178 quam
412 4085 450 4156 in
469 4096 592 4156 monte
611 4108 764 4155 summo.

605 4334 622 4368 *⁹
646 4332 695 4392 Sic
709 4333 788 4392 Edit.
807 4336 879 4392 1661
898 4343 927 4392 et
944 4336 1028 4392 1668.
