2946 5010
409 423 690 477 enoannuara
709 422 903 477 rnrsrcs.
1103 409 1175 475 345

183 591 233 664 A.
261 590 335 664 Qui
364 591 444 663 fieri
466 603 591 689 potest
620 603 664 664 ut
683 591 788 664 navis
805 600 955 664 evento
977 602 1073 679 acta,
1092 614 1177 687 pro-

134 702 324 799 grediatur
350 716 475 778 tamen
506 704 702 801 aliquando
729 703 768 777 in
794 703 924 777 eadem
943 702 1041 778 linea
1062 716 1177 795 recta,

135 817 238 913 quasi
254 841 277 890 a
293 829 404 891 vento
422 843 497 892 non
516 818 672 914 impulsa
689 816 755 890 sed
772 817 959 890 attracta?

185 930 234 1003 B.
262 930 363 1003 Scire
392 931 494 1026 prius
524 942 684 1027 oportet,
708 929 808 1027 quod
836 952 972 1025 corpus
1001 953 1110 1004 omne
1136 929 1176 1006 in

134 1042 234 1116 aliud
252 1068 385 1140 corpus
402 1044 621 1140 impingens,
636 1045 713 1117 sive
730 1043 1084 1141 perpendiculariter
1100 1043 1178 1119 sive

133 1156 280 1252 oblique
296 1155 475 1246 incidens,
494 1178 637 1252 semper
664 1166 788 1229 tamen
811 1155 889 1251 agit
914 1156 953 1228 in
979 1155 1077 1229 linea
1094 1180 1178 1253 quae

133 1269 255 1343 estad
272 1269 502 1366 superficiem
520 1268 684 1365 corporis
700 1269 739 1341 in
758 1268 858 1364 quod
875 1268 1006 1342 incidit
1022 1292 1178 1366 perpen-

134 1381 319 1455 dicularis.
370 1381 539 1477 Exempli
565 1406 699 1456 causa:
725 1382 801 1479 pila
825 1380 989 1455 ferreae
1011 1383 1178 1480 sclopeto

132 1495 171 1567 in
188 1495 368 1590 parietem
385 1495 507 1583 missa,
526 1518 607 1567 eam
633 1495 789 1568 aliamve
816 1496 1008 1568 materiam
1033 1496 1087 1569 ita
1110 1495 1179 1569 irn-

132 1607 248 1703 pellit,
267 1621 310 1680 ut
327 1630 413 1703 pars
436 1608 512 1680 iota
535 1607 709 1681 recedere
736 1619 891 1703 cogatur
919 1609 958 1681 in
980 1608 1078 1682 linea
1094 1633 1177 1706 quae

134 1732 192 1793 est
221 1721 268 1794 ab
296 1720 529 1816 superficiem
558 1720 884 1817 perpendicularis,
936 1722 1033 1795 Nam
1061 1722 1093 1796 si
1116 1723 1178 1798 via

131 1833 217 1929 pilae
242 1834 291 1906 sit
317 1833 366 1906 ad
386 1834 566 1928 parietem
596 1834 758 1930 obliqua,
781 1848 903 1909 motus
926 1837 1005 1932 ejus
1027 1859 1177 1933 compo-

132 1959 242 2019 netur
259 1971 304 2020 ex
318 1945 461 2019 duobus
479 1946 652 2035 motibus
665 1947 781 2020 altero
799 1947 848 2021 ad
863 1949 1043 2043 parietem
1058 1949 1178 2045 paral-

132 2057 216 2146 lelo,
251 2059 366 2133 altero
401 2058 707 2156 perpendiculari.
761 2061 793 2133 A
824 2085 980 2157 quornm
1010 2074 1178 2136 motuum

131 2172 251 2266 primo
269 2172 392 2246 nullus
410 2173 448 2245 in
466 2172 607 2269 pariete
625 2175 776 2248 effectus
795 2197 872 2248 esse
889 2185 1023 2271 potest.
1074 2176 1180 2250 Ictus

132 2311 221 2382 ergo
239 2298 341 2359 totus
364 2286 436 2359 erit
452 2312 475 2359 a
491 2298 597 2360 motu
622 2287 751 2376 altero,
775 2312 907 2384 nempe
933 2288 1177 2387 perpendicu-

131 2400 224 2473 lari:
250 2423 362 2497 quare
380 2424 464 2496 pars
483 2402 635 2496 parietis
664 2424 836 2497 percussa
857 2402 1007 2476 recedet
1023 2403 1062 2476 in
1078 2403 1179 2477 linea

131 2514 425 2610 perpendiculari
443 2513 531 2587 sola.
583 2515 664 2588 Nec
691 2515 762 2589 nisi
788 2515 841 2589 ita
864 2528 972 2603 esset,
987 2516 1064 2592 ulla
1080 2528 1177 2591 esset

132 2627 226 2700 ictus
251 2628 391 2724 obliqui
416 2639 453 2701 et
482 2627 797 2725 perpendicularis
820 2627 1029 2706 differentia
1054 2630 1178 2727 quoad

131 2741 218 2814 vim.
272 2740 383 2815 Quod
399 2739 533 2813 falsum
549 2764 629 2815 esse
647 2741 770 2815 sciunt
786 2766 926 2817 omnes.

182 2853 231 2927 A.
259 2851 457 2928 Quomodo
474 2865 598 2927 autem
614 2853 696 2927 haec
713 2854 761 2927 ad
778 2878 909 2930 navem
926 2857 1129 2931 transfers?

183 2965 232 3038 B.
260 2967 317 3039 Sit
333 2965 404 3038 AB
428 2965 544 3055 narie,
561 2990 674 3062 prora
692 2967 735 3042 Α.
1150 2991 1167 3026 ²

136 3077 218 3149 Jam
239 3079 269 3150 si
280 3089 411 3150 ventus
429 3078 543 3173 spiret
556 3078 736 3151 abAver·

131 3213 192 3261 sus
211 3190 253 3279 B,
267 3189 441 3285 progredi
458 3192 562 3264 navis
579 3214 654 3264 non
672 3214 737 3285 po·

132 3313 218 3390 test,
251 3303 581 3399 quomodocunque
609 3304 737 3376 obten-

131 3438 212 3486 sum
244 3415 291 3489 sit
318 3414 451 3487 velum.
504 3415 561 3489 Sit
593 3415 662 3490 CD
690 3412 739 3488 ad
858 3482 874 3515 υ

131 3550 263 3599 navem
279 3527 604 3624 perpendicularis,
618 3527 738 3623 sitque

129 3638 251 3711 velum
264 3641 333 3714 EC
350 3640 497 3737 oblique
524 3652 681 3728 tensum,
700 3640 739 3712 in

131 3754 630 3850 quocunqueanguloECA.
667 3754 740 3827 Sit-

131 3888 202 3960 que
216 3864 275 3937 CF
285 3867 597 3962 perpendicularis
607 3867 655 3940 ad
664 3865 739 3940 EC.

130 3977 243 4049 Vides
271 4001 359 4073 ergo
387 4002 664 4075 progressuram
689 4000 821 4051 navem
843 4001 912 4074 pro
938 3977 1081 4051 ratione
1106 3977 1177 4052 OA

131 4089 179 4163 ad
197 4091 278 4162 DF.

181 4204 230 4277 A.
258 4204 316 4277 lta
333 4215 400 4278 est.
453 4206 527 4279 Sed
544 4205 575 4279 si
592 4215 724 4280 ventus
741 4204 818 4279 lere
840 4202 1049 4279 contrarius
1067 4212 1176 4293 esset,

1229 616 1297 658 cAP.
1313 617 1355 659 vl.

1215 685 1359 721 ψγ-ν

1189 755 1311 814 Deplnvla,
1317 760 1390 808 rateto,

1189 820 1281 878 diisque
1296 820 1390 865 colita-

1189 886 1312 930 rietatibnr.
