2946 5010
323 413 370 478 26
538 428 806 483 uxuurnarro
826 428 877 482 nr
896 429 1145 482 nnnnuarm

134 613 284 658 numano
371 592 420 666 B.
448 592 548 669 Quid
565 594 656 668 illud
673 606 739 684 est,
756 597 938 694 praefinito
956 596 1057 693 loqui
1072 599 1087 669 l

197 696 218 736 1.

135 766 277 802 ..w
370 706 420 780 Α.
447 706 633 782 Praefinito
643 708 756 806 loqui,
768 723 826 785 est
837 711 1024 784 vocabulis
1034 711 1091 783 uti
1101 708 1362 808 pradatnitia,

319 821 524 916 praesertim
557 821 628 896 illis
662 847 709 897 ex
740 824 871 920 quibus
905 834 1076 898 constare
1110 823 1246 897 debent
1274 848 1364 897 con-

320 932 502 1008 clusiones
528 934 834 1012 demonstrundae.
888 938 983 1011 Sunt
1004 937 1103 1011 enim
1128 936 1362 1013 definitiones

319 1047 501 1144 principia
517 1050 764 1136 scientiarum,
776 1051 853 1124 sive
870 1049 1140 1148 propositiones
1156 1049 1196 1123 iu
1213 1049 1363 1125 demon·

320 1161 498 1235 stratione
515 1163 680 1237 omnium
696 1164 847 1260 primae;
875 1187 959 1260 quae
983 1162 1054 1236 nisi
1076 1175 1258 1237 accuratae
1275 1164 1361 1256 sint,

320 1298 403 1371 quae
420 1285 631 1372 sequuturae
648 1288 735 1349 sunt
752 1299 879 1351 omnes
900 1276 1052 1349 incertae
1070 1286 1189 1349 erunt.
1241 1277 1361 1351 Accu-

319 1397 400 1461 rate
416 1400 540 1461 antem
558 1388 722 1479 definire,
740 1388 923 1486 dependet
945 1388 991 1462 ab
1009 1386 1198 1462 intellectu
1216 1411 1360 1481 vocum,

319 1500 366 1573 ab
400 1501 656 1575 observatione
690 1502 874 1599 quomodo
913 1502 1200 1597 significationes
1234 1526 1361 1577 earum

318 1638 386 1711 pro
404 1614 616 1689 diversitate
630 1616 988 1690 circumstantiarum
1004 1615 1204 1703 variantur,
1216 1626 1256 1688 et
1271 1617 1362 1712 quid

320 1729 369 1801 sit
402 1728 502 1825 quod
532 1729 571 1802 in
609 1730 710 1803 omni
742 1730 805 1803 illa
839 1728 1149 1826 significationum
1183 1729 1360 1803 varietate

319 1853 376 1914 est
390 1866 606 1927 commune;
623 1866 710 1915 nam
726 1843 765 1916 id
782 1842 882 1939 quod
898 1843 1194 1939 pervacabulum
1210 1841 1361 1940 aliquod

317 1955 452 2053 ubique
468 1955 697 2053 intelligitur,
714 1956 805 2030 illud
828 1967 884 2030 est
906 1941 1127 2053 significatio
1151 1956 1228 2052 ejus
1251 1980 1360 2031 accu-

317 2080 409 2144 rata.
473 2069 586 2146 Quod
615 2070 646 2143 si
675 2071 922 2144 necessarium
950 2068 1148 2165 aliquando
1175 2069 1287 2142 fuerit
1315 2081 1360 2144 ut

316 2183 494 2256 vocabulo
512 2193 660 2257 utamur
675 2207 785 2271 novo,
802 2182 910 2256 facile
933 2190 990 2254 est
1019 2181 1110 2255 illud
1136 2181 1302 2273 definire,
1320 2183 1359 2257 id

316 2306 384 2385 est,
403 2295 492 2392 quid
509 2320 576 2369 nos
593 2296 706 2368 verbo
731 2307 859 2370 nostro
887 2294 1044 2390 intelligi
1061 2294 1230 2369 volumus
1247 2297 1360 2393 expli·

317 2432 412 2482 care.
458 2409 588 2505 Itaque
604 2409 675 2482 hoc
691 2420 791 2481 recte
803 2408 925 2481 facere
941 2419 1028 2481 ante
1042 2431 1169 2483 omnes
1186 2410 1359 2484 scientias

318 2520 534 2595 discendum
552 2533 619 2594 est.
670 2522 719 2594 Et
748 2522 829 2595 haec
856 2520 1005 2618 quidem
1028 2522 1104 2595 sive
1127 2523 1261 2620 peritia
1282 2525 1359 2598 sive

317 2633 514 2730 prudentia
544 2645 645 2708 recte
674 2634 884 2723 definiendi,
910 2659 992 2732 quae
1019 2637 1222 2732 acquiritur
1248 2662 1358 2734 expe-

316 2748 451 2821 rientia
468 2749 567 2822 circa
583 2749 779 2822 verborum
803 2772 921 2838 usum,
940 2757 1093 2821 vocatur
1111 2748 1358 2849 Phihsoplria

316 2859 462 2935 Prima.

366 2962 415 3036 B.
445 2963 700 3060 Supponamus
720 2976 844 3038 autem
864 2963 1050 3037 hominem
1067 2964 1279 3037 ratiocinari
1295 2988 1357 3038 ac-

316 3088 444 3150 curate
469 3079 547 3175 jam
574 3101 692 3175 posse.
745 3080 881 3153 Quaero
905 3087 995 3173 quot
1017 3085 1104 3149 aunt
1125 3077 1300 3166 scientiae‚
1319 3089 1357 3152 et

316 3193 500 3287 quomodo
527 3217 594 3290 per
623 3193 856 3267 definitiones
883 3192 1049 3289 proprias
1082 3192 1163 3266 aliae
1197 3193 1244 3266 ab
1275 3193 1355 3267 aliis

316 3305 619 3403 distinguuntur?

363 3418 411 3494 A.
439 3420 524 3494 Una
543 3432 600 3493 est
621 3420 785 3493 omnium
807 3443 931 3494 rerum
957 3418 1111 3493 scientia
1126 3419 1354 3510 universalia,

314 3557 397 3631 quae
424 3533 629 3630 appellatur
646 3530 902 3630 Philosophia,
933 3555 1043 3629 quam
1070 3531 1123 3604 sic
1154 3530 1355 3604 definio.—

315 3646 559 3744 Philosophia
592 3655 650 3718 eat
683 3645 925 3719 accidentium
958 3670 1038 3742 qna
1071 3654 1272 3741 armarent,
1307 3670 1354 3717 ca

313 3760 474 3859 cognitis
492 3783 617 3832 eornm
631 3758 933 3857 generationibus
944 3785 958 3840 ;
982 3767 1021 3830 et
1045 3780 1178 3830 rursus
1201 3782 1247 3829 ea
1265 3782 1354 3856 cog-

312 3870 402 3943 nitis
420 3870 685 3960 accidentibus,
693 3870 974 3969 generationum
992 3894 1073 3975 qnae
1089 3892 1172 3941 csse
1182 3878 1352 3966 possunt,

305 4007 382 4080 per
414 3993 552 4057 rectam
595 3982 915 4056 ratiocinationem
953 3981 1116 4080 cognitio
1155 3981 1351 4078 acquisita.

313 4097 495 4172 Quaerunt
520 4097 619 4171 enim
641 4095 848 4193 philosophi
870 4118 997 4168 omnes
1014 4094 1114 4167 circa
1131 4118 1208 4167 rem
1226 4095 1353 4191 cogni-

312 4220 401 4299 tam,
418 4210 476 4283 vel
494 4211 580 4306 quid
608 4212 654 4284 ab
681 4234 725 4283 ea
750 4206 904 4305 produci
930 4220 1064 4305 potest,
1082 4207 1141 4280 vel
1158 4207 1256 4282 unde
1274 4209 1353 4306 ipsa
