2946 5010
545 428 798 484 nunmclrro
820 428 934 483 cunr.
1186 410 1257 480 381

220 601 305 666 sunt
321 615 407 665 vere
426 592 617 689 quadrata,
636 606 675 668 et
692 593 790 683 cubi,
808 605 848 666 et
865 592 993 668 solida.
1045 591 1263 667 Arithmeti-

220 730 348 779 corum
374 716 497 780 autem
523 709 666 781 numeri
693 708 875 803 quadrati,
900 705 1044 781 numeri
1076 704 1173 794 cubi,
1193 728 1264 778 nu-

219 819 312 892 meri
345 819 457 916 plani,
488 820 743 917 triangulares,
773 819 1002 917 pyramidici,
1031 820 1159 915 figurae
1186 841 1262 891 non

220 944 318 1021 sunt,
344 931 411 1005 sed
437 944 590 1029 propter
619 932 898 1006 similitudinem
928 931 1086 1029 aliquam
1122 929 1263 1004 insitu

219 1062 442 1145 punctorum
470 1052 523 1123 sic
544 1049 742 1148 appellati;
768 1074 838 1123 neo
866 1049 993 1123 ductio
1021 1049 1129 1122 lineae
1151 1046 1191 1120 in
1219 1045 1266 1120 li-

218 1185 326 1237 neam
344 1163 601 1261 multiplicatio
619 1187 783 1261 unquam
800 1175 901 1236 recte
919 1161 1064 1250 dicitur,
1077 1159 1149 1233 nisi
1166 1159 1265 1234 linea

218 1275 497 1373 multiplicando
528 1275 637 1349 toties
667 1289 845 1363 sumatur,
870 1285 961 1371 quot
988 1283 1074 1347 sunt
1101 1272 1140 1344 in
1165 1271 1266 1346 linea

217 1387 485 1484 multiplicante
503 1401 654 1485 puncta,
669 1387 707 1460 id
722 1399 791 1477 est,
804 1386 875 1460 nisi
891 1386 1067 1459 infinities
1084 1395 1263 1475 sumatur,

218 1510 261 1574 ut
284 1502 351 1575 fiat
374 1503 598 1599 superficies.
650 1502 780 1598 Itaque
796 1501 860 1598 qui
883 1499 1107 1597 multiplicat
1129 1498 1265 1573 lineam

217 1638 284 1711 per
307 1638 512 1705 numerum,
532 1614 761 1712 superficiem
786 1638 862 1687 non
887 1612 1004 1697 facit;
1030 1635 1101 1685 nec
1118 1610 1180 1708 qui
1197 1632 1266 1685 ‘su-

217 1726 405 1824 perficiem
421 1752 488 1824 per
504 1751 698 1801 numerum
714 1725 948 1822 multiplicat,
965 1724 1078 1799 faciet
1100 1748 1266 1820 unquam

218 1839 388 1913 solidum.
441 1841 511 1914 His
528 1841 668 1937 positia,
687 1840 869 1914 calculum
891 1838 1073 1912 examino.
1127 1837 1207 1929 DY,
1225 1837 1266 1911 in

218 1952 338 2049 figura
353 1953 484 2049 prima,
498 1954 677 2051 aequalem
691 1977 770 2028 esse
787 1953 908 2051 triplae
925 1952 994 2025 DV
1011 1951 1133 2025 minus
1150 1949 1266 2024 latere

218 2064 390 2161 quadrati
406 2067 555 2164 aequalis
583 2066 695 2164 duplo
714 2065 893 2163 quadrato
915 2090 939 2139 a
960 2066 1040 2154 DV,
1056 2075 1161 2139 recte
1186 2063 1267 2161 qui·

219 2176 303 2252 dem
320 2178 424 2267 vidit,
438 2190 476 2252 et
487 2178 643 2276 proinde
657 2179 814 2276 aequatio
828 2179 891 2252 illa
905 2177 1099 2251 DV=3-
1113 2185 1165 2251 Aa
1176 2198 1268 2250 vera

219 2304 288 2367 est.
330 2291 404 2365 Sed
421 2292 589 2389 proxima
605 2291 776 2388 aequatio,
795 2291 919 2364 DX=
932 2276 1119 2379 pm,
1137 2289 1268 2362 insana

219 2415 288 2478 est.
339 2404 459 2478 Causa
476 2416 601 2478 autem
618 2427 731 2502 quare
748 2428 874 2478 veram
891 2429 970 2479 esse
996 2402 1168 2489 credidit,
1185 2402 1268 2475 haec

219 2528 287 2592 est.
324 2517 503 2592 Posuerat
519 2517 625 2591 initio
643 2518 796 2591 DV=l.
825 2517 1011 2592 Quoniam
1029 2540 1117 2613 ergo
1135 2515 1217 2605 DV,
1227 2511 1270 2588 id

217 2642 273 2705 est
300 2640 332 2720 l,
361 2631 448 2721 DX,
467 2640 542 2704 3-
556 2634 622 2721 dl,
646 2641 734 2704 sunt
760 2632 935 2705 continue
962 2627 1267 2728 proportionales,

220 2744 473 2841 multiplicatis
493 2744 590 2818 inter
607 2767 645 2818 se
663 2744 837 2818 extremis
859 2754 873 2818 l
897 2755 934 2819 et
958 2741 1268 2850 3—d22-1152d1}›

220 2857 260 2931 id
287 2869 344 2932 est
370 2856 457 2948 DX,
486 2859 557 2931 erit
583 2858 689 2932 radix
716 2857 900 2955 producti,
928 2857 1051 2932 idest
1082 2868 1188 2932 43-
1201 2865 1268 2930 d2·

221 2971 320 3046 Nam
349 2971 388 3045 in
417 2970 726 3069 multiplicatione
757 2971 990 3045 arithmetica
1018 2971 1142 3044 unitae
1175 2966 1269 3043 nihil

220 3095 352 3158 mutat.
408 3084 481 3158 Sed
498 3085 595 3159 linea
619 3086 687 3158 DV
704 3084 948 3180 multiplicata
970 3084 1010 3157 in
1027 3085 1097 3158 DY
1122 3083 1270 3168 lineam,

221 3196 310 3270 facit
324 3197 589 3293 rectangulum,
609 3198 706 3270 inter
723 3198 827 3292 cujus
844 3196 961 3270 latera
971 3196 1130 3286 DY,DV
1147 3190 1270 3267 media

221 3309 506 3405 proportionalis
524 3322 581 3383 est
598 3310 681 3383 DX.

273 3420 371 3496 Quia
393 3444 482 3515 ergo
508 3420 576 3493 DV
601 3421 752 3517 aequalis
778 3431 834 3494 est
861 3425 893 3509 l,
919 3419 991 3493 erit
1010 3425 1269 3520 rectangulum

222 3533 290 3607 sub
307 3532 387 3622 DV,
406 3532 475 3605 DV
488 3533 628 3629 aequule
646 3535 702 3607 sui
727 3533 840 3630 ipsius
856 3533 976 3622 lateri,
995 3532 1034 3607 id
1051 3545 1108 3608 est
1127 3537 1186 3632 (ut
1203 3559 1271 3610 no·

221 3647 298 3720 tavi
316 3645 442 3741 supra)
463 3645 532 3719 DY
548 3645 722 3719 infinities
740 3657 888 3743 sumpta
904 3646 1056 3743 aqualis
1074 3659 1130 3722 est
1147 3647 1267 3722 eidem

221 3758 291 3833 DV
322 3759 434 3832 semel
463 3768 631 3854 sumpta.
684 3759 796 3833 Quod
826 3759 917 3833 mihi
945 3759 1095 3858 quidem
1122 3760 1272 3835 videtur

221 3873 404 3962 insanum,
422 3871 488 3945 sed
505 3870 704 3945 lectoribus
721 3872 807 3945 nolo
825 3873 1079 3969 praejudicare.

273 3985 428 4074 Deinde,
447 3984 547 4082 quod
564 3986 655 4059 dicit
673 3994 747 4059 3-
761 3995 814 4061 «2
838 3986 878 4058 iu
909 3969 1086 4062 dm
1104 4009 1183 4063 esse
1204 3987 1271 4061 tri-

221 4101 290 4174 bus
315 4099 396 4188 DV,
408 4099 493 4188 DX,
506 4098 575 4173 DY
596 4099 635 4172 in
662 4098 808 4172 ratione
835 4098 1011 4172 continua
1033 4111 1214 4198 quartam,
1231 4112 1272 4173 et

224 4212 400 4311 aequalem
434 4215 552 4296 l.997
580 4210 681 4298 fere;
707 4210 893 4302 nimimm,
919 4235 1077 4308 quarum
1109 4213 1271 4313 partium
