2946 5010
330 364 397 428 136
542 376 810 428 nxuumnmo
832 377 882 428 ur
901 374 1148 428 nnunnnrro

131 569 281 608 niliacos
324 568 430 641 quam
449 567 526 640 per
546 561 573 617 ÷
595 541 808 614 additionis.
862 542 1037 639 Adeoque
1055 564 1137 636 quae
1160 561 1205 612 ex
1222 533 1362 650 {et-4¹3-

138 649 281 753 „IL
324 660 557 755 componitur
580 660 687 747 ratio,
706 659 900 731 scribenda
917 669 974 731 est
988 653 1121 768 -ζ-κῇ,
1147 679 1222 728 non
1243 664 1370 728 autem

330 773 401 874 §Tr
416 771 466 846 Ξ.

374 830 439 965 Bi
451 893 558 966 Certe
576 916 649 964 non
667 891 762 964 male
785 891 894 964 scribi
912 891 1023 964 credo
1035 891 1067 963 A
1081 889 1129 963 ad
1143 925 1161 960 a
1183 899 1211 953 4
1229 888 1322 962 Bad
1333 899 1368 979 β,

323 1030 391 1102 pro
409 1005 674 1101 compositione
692 1004 875 1077 rationum
889 1006 921 1077 A
940 1004 986 1077 ad
1000 1040 1019 1075 α
1034 1015 1072 1077 et
1086 1005 1116 1076 B
1128 1004 1175 1076 ad
1186 1011 1231 1088 {33
1253 1028 1370 1100 quan-

326 1142 435 1213 quam
454 1142 520 1213 pro
538 1117 842 1213 multiplicatione
865 1117 1086 1190 fractionum
1111 1115 1206 1190 male
1232 1116 1370 1190 scribe-

323 1244 426 1304 retur
442 1227 583 1344 72-÷},
602 1242 639 1303 et
659 1245 759 1303 recte
778 1226 910 1342 ξκ-ξκ

375 1347 423 1421 Α.
452 1348 509 1419 lta
534 1371 634 1436 sane,
662 1349 692 1420 si
712 1347 823 1420 modo
846 1371 911 1442 per
929 1346 1095 1442 symbola
1112 1346 1273 1419 scribere
1291 1371 1370 1420 om-

323 1462 413 1535 nino
445 1462 692 1533 necessarium
722 1473 828 1534 esset.
883 1460 993 1535 Quod
1027 1459 1153 1533 addit:
1192 1459 1370 1556 Adeoque

325 1583 405 1647 tota
422 1572 494 1645 itta
511 1572 557 1645 de
558 1572 797 1667 fractionum
814 1571 1121 1670 multiplicatione
1133 1582 1171 1644 et
1189 1572 1370 1645 diuisione

325 1686 509 1759 trudendo
531 1686 716 1776 doctrina,
746 1687 793 1759 de
819 1687 1003 1760 rationum
1034 1686 1305 1759 continuatione
1331 1696 1369 1759 et

325 1798 572 1871 inminutione
596 1799 751 1896 puriter
769 1798 1016 1897 intelligendu
1041 1799 1140 1882 erit;
1165 1808 1251 1871 runt
1275 1799 1369 1872 eninr

326 1912 516 2009 ipsissimo
534 1912 664 1984 endem
681 1936 744 1985 ree
755 1940 768 1984 .·
795 1913 986 2007 promissio
1003 1924 1058 1985 est
1072 1912 1310 2008 Capitisxlm,
1323 1912 1368 1986 de

324 2026 544 2097 fractionum
564 2036 599 2096 et
619 2026 803 2097 rationum
830 2025 1047 2115 rationibus
1065 2026 1111 2098 ab
1129 2025 1235 2097 initio
1253 2049 1368 2121 usque

325 2137 372 2210 ad
389 2139 500 2210 finem
517 2138 779 2211 absurdissimi.
831 2137 984 2225 Deinde,
1009 2163 1078 2210 non
1106 2138 1212 2225 idern,
1235 2137 1368 2232 inquit,

324 2262 433 2324 count
450 2252 550 2323 ratio
581 2251 791 2350 duplicata,
816 2249 1028 2348 triplicato,
1046 2263 1128 2339 etc,
1148 2250 1245 2348 quod
1267 2250 1369 2323 ratio

326 2364 457 2461 tripla,
486 2363 615 2461 dupin,
641 2378 710 2436 etc.
764 2365 830 2437 Est
860 2364 898 2436 in
928 2387 1032 2452 sono,
1061 2362 1191 2448 fateor,
1219 2362 1369 2458 aliquod

325 2478 534 2564 discrimen,
546 2488 587 2549 ut
605 2477 701 2549 inter
715 2476 911 2572 dissyllaba
928 2486 965 2547 et
983 2474 1276 2572 quadrisyllaba;
1303 2476 1368 2550 sed

325 2604 449 2662 tamen
468 2590 564 2662 idem
583 2591 801 2684 significant.
841 2589 936 2662 Nam
955 2589 1129 2685 quicquid
1147 2589 1367 2685 duplicatur,

325 2704 368 2774 fit
386 2727 458 2774 non
482 2702 602 2774 minus
621 2703 772 2798 duplum
792 2727 902 2798 quam
921 2702 1147 2797 duplicatum
1163 2733 1171 2785 ;
1199 2715 1237 2773 et
1268 2703 1367 2797 quod

326 2815 614 2910 subduplicatur,
646 2817 810 2911 (ignosce
840 2815 1006 2910 loquenti
1035 2838 1109 2886 nou
1137 2814 1295 2904 Latine),
1326 2817 1368 2888 fit

326 2952 398 2999 non
418 2929 536 2999 minus
560 2928 752 3000 dimidium
769 2952 879 3024 quam
902 2926 1207 3022 subduplicatum.
1260 2929 1309 3000 Et
1327 2943 1369 3001 ut

325 3042 418 3113 ratio
440 3051 450 3113 l
474 3042 521 3114 ad
540 3053 560 3113 4
581 3057 636 3114 est
655 3043 840 3138 duplicata
856 3041 1009 3112 rationis
1033 3050 1046 3113 l
1068 3041 1115 3113 ad
1129 3052 1164 3130 2,
1179 3042 1231 3113 ita
1257 3043 1368 3115 etiam

326 3155 437 3250 dupla
470 3167 536 3240 est,
572 3180 702 3251 nempe
739 3156 833 3227 ratio
870 3153 1036 3226 delectus
1071 3154 1259 3250 duplicata
1292 3157 1367 3229 sive

326 3267 448 3364 dupla.

377 3382 424 3454 B.
453 3382 606 3454 Memini
631 3383 710 3454 haec
741 3381 869 3453 eadem
896 3380 1024 3452 eodem
1051 3381 1160 3453 modo
1186 3382 1368 3477 explicata

325 3519 402 3566 esse
429 3495 467 3566 in
499 3494 687 3588 colloquiis
715 3494 976 3588 superioribus,
998 3507 1036 3566 et
1062 3518 1149 3567 vera
1174 3519 1254 3568 esse
1278 3496 1366 3568 satis

325 3609 454 3680 sentio.

374 3722 423 3793 A.
452 3720 561 3795 Quod
579 3730 699 3792 autem
718 3721 813 3793 ratio
831 3721 963 3792 iterata
980 3745 1054 3793 non
1082 3720 1193 3816 dupla
1210 3721 1366 3795 dicenda

325 3836 372 3907 sit
389 3835 453 3907 sed
478 3834 672 3929 duplicata,
703 3836 960 3907 confirmatum
989 3845 1096 3930 putat
1126 3835 1171 3906 ab
1200 3835 1364 3924 Euclide,

324 3951 386 4042 qui
414 3961 589 4043 perpetuo
619 3948 734 4020 utitur
763 3949 834 4020 hoc
864 3970 973 4020 sensu
1006 3949 1157 4020 vocibus
1183 3959 1364 4035 διπλασίονα,

322 4079 512 4147 τριπλασίονα,
531 4075 614 4144 etc„
633 4086 707 4133 non
726 4074 834 4144 dr'nllev,
847 4080 971 4147 τρίπλυν,
991 4085 1108 4157 Ileqlle
1136 4071 1292 4140 διπλάσιον,
1314 4097 1364 4148 rpr-

323 4188 454 4248 αλιιαιαιι
481 4174 543 4245 sed
562 4174 635 4245 vim
659 4174 796 4246 nullam
814 4174 946 4256 habet;
974 4199 1058 4247 nam
1075 4175 1191 4247 utitur
1208 4186 1363 4244 διπλασίονι

323 4286 359 4356 in
382 4311 485 4382 prop.
504 4287 568 4358 ult.
585 4287 698 4359 Elem.
716 4288 777 4377 ix,
796 4299 832 4359 et
850 4287 885 4358 in
905 4311 1007 4383 prop.
1024 4296 1084 4375 20,
1098 4287 1214 4360 Elem.
1234 4287 1299 4377 iii.,
1317 4283 1362 4359 ad
