2946 5010
476 431 756 488 PROBLEMATA
775 433 968 489 enrsrca.
1168 414 1240 487 ³39

200 608 268 670 tua
292 597 338 670 de
364 609 469 672 motu
493 599 556 674 illo
581 598 833 696 reciprocante
855 600 1018 697 partium
1043 601 1241 675 minutissi-¹

200 732 343 783 marum
360 710 399 784 in
417 711 529 802 duno,
546 712 656 809 plane
674 712 818 787 videtur
834 713 925 786 mihi
943 713 1206 788 demonstrata.

248 825 317 897 Est
334 835 373 897 et
389 824 428 898 in
446 826 603 921 speculis
620 827 747 901 vitreis
776 829 892 925 (qnod
917 828 1050 926 saepius
1075 827 1240 901 animad-

198 936 309 1030 verti)
335 960 381 1010 ex
412 961 483 1034 qno
515 939 719 1037 suppositio
745 941 874 1015 eadem
899 965 975 1015 non
996 965 1127 1039 parum
1153 965 1241 1016 oon·

198 1050 389 1123 firmatur:
415 1052 601 1144 nimirum,
627 1055 745 1128 inesse
770 1055 810 1128 in
839 1056 937 1131 vitro
967 1069 1107 1132 motum
1136 1056 1240 1132 illum

197 1186 306 1262 quem
326 1164 417 1238 diois
435 1180 608 1242 conatum
625 1168 786 1265 partium
803 1169 1043 1246 internarum.

246 2303 336 2377 Esto
363 2303 463 2376 enim
489 2304 676 2401 specuium
702 2305 860 2379 vitreum
891 2304 986 2379 AB:
1023 2304 1142 2399 sitque
1173 2303 1238 2377 ob-

193 2419 335 2514 jectum
352 2417 392 2491 in
406 2417 447 2509 0,
463 2419 638 2491 candela:
665 2418 791 2492 oculus
809 2418 857 2491 ad
867 2418 912 2492 D.
964 2419 1048 2492 Jam
1065 2442 1088 2491 a
1104 2416 1240 2491 refrac-

196 2532 358 2606 tionibus
392 2542 429 2605 et
462 2532 733 2605 reflectionibus
767 2531 933 2629 pluribus
967 2531 1015 2604 ad
1043 2543 1238 2625 utramque

196 2647 438 2742 superficiem,
459 2645 505 2734 (si
523 2646 642 2741 prima
659 2643 861 2718 incidentia
884 2644 973 2718 satis
991 2645 1040 2718 sit
1057 2643 1235 2740 obliqua),

195 2760 328 2833 multas
346 2758 453 2832 simul
470 2758 611 2832 videbis
630 2758 792 2832 candelae
809 2758 998 2855 imagineS,
1016 2768 1060 2831 ut
1075 2759 1119 2849 E,
1137 2757 1177 2848 F,
1192 2757 1236 2847 G,

196 2874 324 2946 ordine
341 2882 384 2945 ut
395 2872 456 2945 hic
472 2871 741 2945 describuntur.
778 2872 963 2946 Caeternm
980 2871 1011 2944 si
1024 2871 1171 2944 oculum
1188 2869 1238 2945 ad

197 2987 238 3074 C,
257 2985 448 3059 candelam
465 2986 513 3059 ad
530 2986 564 3060 D
582 2986 793 3076 transferas,
812 2986 1042 3082 apparebunt
1058 2984 1236 3080 imagines

194 3098 266 3172 illae
301 3100 429 3172 ordine
463 3123 538 3172 non
572 3099 701 3173 eodem
734 3124 807 3197 quo
838 3110 925 3172 ante
942 3110 1059 3171 erant.
1124 3097 1238 3173 Quod

194 3221 319 3283 tamen
353 3212 580 3285 manifestius
614 3223 870 3309 cognoscetur,
904 3212 935 3284 si
968 3210 1157 3306 speculum
1187 3211 1236 3285 sit

194 3323 408 3412 coloratum,
426 3336 470 3397 ut
487 3326 640 3398 rubrum
656 3325 715 3399 vel
733 3325 940 3399 caeruleum.
993 3322 1067 3396 Sed
1084 3345 1232 3397 causam

193 3436 272 3529 ejus
285 3436 423 3509 nnllam
436 3437 629 3533 imaginari
646 3438 749 3535 potui
763 3448 849 3511 ante
865 3437 964 3510 hunc
977 3435 1086 3508 diem.
1123 3436 1234 3510 Nune

193 3561 317 3620 antem
334 3549 415 3621 fieri
432 3572 538 3645 posse
555 3562 646 3646 puto
665 3574 688 3623 a
703 3562 841 3624 conatu
864 3550 927 3623 illo
950 3572 1018 3646 per
1042 3547 1115 3635 fila,
1134 3548 1233 3622 utin

192 3660 305 3755 ligno.
358 3660 478 3734 Quem
497 3674 672 3735 conatum
694 3663 883 3759 acquirere
900 3662 1023 3759 potuit
1039 3660 1176 3734 vitrum
1192 3661 1232 3734 in

192 3773 335 3846 fusione
352 3787 391 3846 et
407 3773 697 3870 refrigeratione,
715 3799 879 3872 peream
895 3776 992 3848 viam
1009 3796 1083 3869 qua
1095 3773 1232 3847 vitrum

193 3887 354 3960 candens
371 3888 606 3962 fundebatur.

242 3999 292 4072 B.
319 4000 526 4097 Corporum
554 4000 729 4075 durorum
758 4000 926 4099 plurimae
960 3998 1099 4097 speeies
1133 4010 1231 4085 sunt,

192 4113 353 4203 metalla,
371 4113 511 4211 lapides
528 4126 614 4205 etc„
633 4138 716 4211 quae
733 4115 771 4187 in
788 4113 987 4188 visceribus
1011 4125 1120 4185 terrae
1145 4123 1232 4186 sont

192 4237 231 4299 et
260 4227 411 4302 fuerunt
441 4251 464 4300 a
490 4229 676 4302 creatione
702 4227 884 4301 universi:
911 4237 950 4299 et
974 4236 1165 4323 praeterea,
1186 4224 1231 4299 li-

1059 4361 1114 4412 zo

1295 625 1363 668 CAP.
1379 621 1408 668 VJ

1281 695 1424 730 »ῆν-ν

1301 752 1336 796 Do
1346 754 1402 798 duro

1304 819 1403 867 emolli.
