2946 5010
474 443 807 499 ononnuaanun.
1083 428 1153 494 441

171 610 227 683 Ex
256 608 326 683 hoc
355 631 479 683 errore
504 610 670 684 nascitur
698 608 802 698 alius,
826 630 968 705 nempe,
996 606 1158 680 radicem
1184 635 1352 736 affl.

120 723 263 797 numeri
293 722 461 819 quadrati
495 748 573 798 esse
603 722 772 820 quadrati
804 722 1018 817 geometrici
1051 721 1157 796 latus.
1186 762 1308 807 m„

123 835 310 932 Siquidem
328 837 426 910 enim
442 837 699 934 multiplicatio
716 837 860 910 numeri
876 835 1056 932 producat
1073 859 1159 932 qua·
1186 826 1357 879 ”mm

122 948 268 1023 drotum
284 951 561 1045 geometricum,
578 949 783 1023 necessario
803 960 976 1045 sequetur
997 949 1159 1023 radicem

121 1061 265 1136 numeri
280 1062 369 1136 facti
383 1086 463 1137 esse
480 1064 598 1159 ipsum
616 1063 723 1136 latus.
763 1062 850 1136 Non
863 1062 1037 1136 videbant
1049 1061 1159 1152 enirn,

122 1175 160 1249 in
189 1175 351 1249 numeris
377 1175 597 1272 quadratum
623 1198 817 1249 numerum
840 1184 877 1249 et
903 1175 1064 1250 radicem
1081 1176 1160 1272 ejus

122 1309 203 1361 esse
223 1288 333 1361 ambo
361 1288 560 1363 earundem
577 1313 700 1363 rerum
717 1312 913 1362 numeros:
948 1301 986 1364 et
1005 1288 1160 1386 proinde

122 1400 284 1474 radicem
312 1402 457 1476 numeri
482 1412 719 1499 quotcunque
742 1401 1002 1499 quadratorum
1033 1426 1161 1476 nume-

122 1535 205 1585 rum
222 1537 300 1587 esse
313 1514 426 1587 etiam
443 1513 717 1609 quadratorum,
731 1514 1039 1612 quemadmodum
1056 1516 1162 1590 radix

123 1637 269 1699 centum
288 1626 478 1700 hominum
495 1642 581 1701 sunt
597 1627 725 1702 decem
741 1627 920 1701 homines.

174 1739 361 1812 Postremo
389 1739 534 1836 decepit
555 1740 649 1830 illos,
675 1739 775 1837 quod
796 1739 950 1815 eandem
976 1765 1055 1814 rem
1081 1764 1161 1815 esse

123 1851 289 1945 putarint
306 1852 401 1925 latus
418 1852 588 1949 quadrati
606 1853 823 1949 geometrici
840 1865 879 1926 et
896 1853 1057 1928 radicem
1073 1878 1162 1953 qua-

125 1962 221 2036 drati
246 1965 401 2040 numeri.
462 1966 592 2062 ltaque
615 1967 779 2062 regulam
802 1966 972 2064 algebrae,
996 1991 1078 2065 quae
1105 1992 1163 2041 re-

123 2077 211 2172 gula
227 2090 284 2151 est
301 2101 392 2174 pure
409 2077 651 2166 arithmetica,
672 2079 720 2152 ad
737 2081 977 2175 geometriam
994 2081 1163 2178 imperite

123 2191 361 2285 applicantes,
382 2213 428 2263 ex
453 2191 745 2286 ingeniosissima
771 2191 1011 2268 reddiderunt
1036 2195 1164 2268 absur-

125 2301 323 2393 dissimam,
352 2328 420 2402 pro
448 2303 556 2390 linea,
583 2304 774 2402 quadrato,
799 2317 838 2379 et
861 2307 967 2393 cubo,
984 2308 1164 2382 unitatem

124 2418 329 2511 promiscue
368 2428 620 2513 supputantes.
687 2418 855 2516 Exempli
887 2422 1035 2517 gratia:
1078 2444 1163 2495 cum

125 2531 330 2627 scripsisset
358 2530 520 2627 quidam,
537 2530 567 2604 si
584 2531 654 2605 AD
678 2544 838 2627 ponatur
860 2532 972 2629 dupla
988 2533 1067 2622 DV,
1085 2545 1124 2608 et
1141 2558 1165 2608 a

125 2656 205 2718 tota
221 2645 288 2716 AV
306 2643 519 2718 detrahatur
535 2644 596 2718 AS
614 2644 734 2718 media
760 2646 1044 2743 proportionalis
1065 2647 1164 2722 inter

124 2757 222 2852 ipsas
239 2757 308 2829 AD
329 2768 366 2830 et
391 2756 471 2846 DV,
497 2780 579 2853 qnae
608 2780 667 2830 re-
723 2804 738 2838 ,
935 2804 948 2841 s
1026 2804 1044 2841 n
1148 2805 1164 2840 v

124 2871 301 2968 linquitur
334 2870 407 2961 VS,
441 2870 512 2943 erit
548 2870 668 2967 major
726 2882 734 2897 ‘
936 2879 1166 2906 ’·-·’-·’

126 2983 280 3057 duarum
299 2983 501 3058 mediarum
517 2984 846 3080 proportionalium
859 2985 956 3058 inter
968 2981 1065 3079 ipsas
1082 2983 1164 3073 AD,

126 3097 212 3170 DV:
238 3097 286 3170 ad
304 3097 374 3171 hoc
391 3097 656 3171 confutandum
674 3099 728 3171 sic
745 3097 985 3171 ratiocinatus
1002 3107 1059 3169 est
1081 3119 1166 3192 pro-

125 3209 240 3282 fessor
253 3210 402 3306 quidam
418 3211 631 3304 geometriae
647 3210 835 3306 publicus:

176 3322 372 3395 “Ponatur
389 3322 453 3394 DV
475 3322 623 3417 aequalis
652 3332 684 3396 l.
736 3322 804 3394 ΑΙ)
823 3321 894 3395 erit
911 3330 947 3394 2.
1000 3320 1164 3394 Ponatur

126 3433 187 3506 AS
204 3431 325 3506 media
350 3434 633 3530 proportionalis
660 3437 758 3508 inter
773 3434 855 3523 AD,
873 3433 953 3522 DV,
976 3445 1015 3507 et
1042 3432 1164 3507 detra·

126 3546 234 3619 hatur
248 3546 295 3619 ab
312 3547 392 3620 AV.
443 3547 685 3644 Relinquetur
701 3547 774 3621 VS.

176 3661 305 3755 “Ergo
323 3660 384 3733 VS
401 3661 550 3757 aequalis
570 3672 628 3734 est
646 3669 668 3734 3
686 3661 807 3734 minus
824 3670 886 3735 dt.

176 3773 300 3847 “Quae
327 3772 570 3868 multiplicata
592 3773 630 3846 in
647 3797 687 3848 se
704 3774 844 3864 cubice,
871 3773 961 3849 facit
977 3783 1025 3848 45
1044 3774 1165 3848 minus

140 3896 169 3960 tl
174 3893 280 3974 1682,
298 3886 397 3983 quod
413 3887 533 3960 minus
549 3898 606 3961 est
628 3912 738 3984 quam
761 3900 920 3984 quatuor
936 3889 1021 3962 cubi
1038 3913 1060 3962 a
1077 3889 1163 3961 DV:

126 4000 212 4095 quia
229 4009 277 4072 45
296 4001 416 4074 minus
431 4009 570 4091 d1681,
585 4002 746 4098 aequales
775 4013 862 4076 sunt
886 4013 1044 4099 quatuor
1060 4002 1164 4076 cubis

125 4137 149 4186 a
165 4113 244 4186 DV.

176 4226 305 4301 “Cum
323 4249 411 4323 ergo
424 4224 539 4300 cubus
551 4227 599 4301 ab
616 4227 685 4302 AD
702 4226 751 4301 sit
768 4236 806 4317 8,
821 4228 892 4302 erit
908 4228 1023 4303 cubus
1039 4228 1086 4303 ab
1103 4228 1163 4302 VS
