2946 5010
311 415 381 482 168
524 428 794 482 exsarturum
816 429 866 481 sn
885 427 1132 480 susunnrro

118 616 270 659 niliacas
306 597 384 695 guli
417 596 609 670 rectilinei.
678 599 801 673 Quare
835 620 942 671 arcus
976 595 1196 668 semicirculi
1233 594 1345 683 solua

121 698 265 802 ᾧ
307 710 445 807 absque
462 710 598 807 angulo
611 722 816 802 contactae,
833 723 955 784 rectus
973 721 1043 783 est.

357 821 404 896 B.
432 823 644 919 sisagutus
661 836 852 897 contactus
880 822 981 895 nulla
996 846 1081 919 pars
1108 821 1156 894 sit
1174 822 1264 916 ejus,
1282 821 1346 917 qui

307 937 466 1011 efficitur
483 962 506 1010 o
522 947 697 1033 tangente
710 950 748 1010 et
765 936 956 1025 diametro,
974 959 1088 1032 quare
1115 935 1254 1008 dicitur
1281 958 1347 1008 an·

306 1049 441 1147 gulos?
491 1050 541 1122 Et
558 1049 741 1146 quomodo
759 1049 832 1123 dici
845 1061 969 1146 potest
985 1051 1177 1146 quantus?

357 1163 408 1235 Α.
434 1162 580 1236 Dicitur
611 1162 778 1259 angulus,
812 1161 899 1259 quin
938 1161 1118 1235 formatur
1146 1185 1170 1234 a
1203 1159 1347 1233 duabus

307 1275 414 1349 lineis
431 1276 469 1349 in
480 1278 667 1350 communi
679 1289 818 1374 puncto
832 1275 1147 1349 concurrentibus.
1175 1275 1346 1350 Quantus

309 1388 657 1487 dicitur,propterea
667 1389 767 1487 quod
776 1390 884 1462 unius
895 1389 1020 1485 anguli
1031 1400 1222 1463 contactus
1232 1412 1347 1484 quan·

307 1505 395 1579 titos
412 1517 536 1602 potest
553 1529 632 1579 esse
647 1506 707 1580 vel
724 1506 841 1602 major
858 1505 915 1578 vel
938 1505 1057 1579 minor
1073 1529 1183 1602 quam
1201 1505 1347 1602 quanti-

308 1630 366 1692 tas
379 1618 540 1693 alterius.

358 1730 402 1805 In
429 1732 592 1829 quinque
621 1732 765 1829 paginis
793 1755 875 1828 quae
904 1731 1046 1805 faciunt
1075 1731 1196 1827 Caput
1224 1755 1260 1820 x,
1297 1731 1345 1804 ad

306 1843 539 1942 probandum
572 1846 672 1942 quod
702 1844 859 1942 angulus
893 1845 1112 1918 semicirculi
1140 1857 1198 1918 est
1224 1853 1346 1916 rectus

307 1958 415 2031 affert
432 1982 495 2032 sex
513 1957 856 2046 demonstrationes,
874 1981 1030 2054 quarum
1047 1980 1095 2030 ne
1113 1980 1186 2030 una
1196 1955 1345 2053 quidem

306 2059 395 2132 satis
412 2060 519 2132 firma
535 2072 615 2144 est;
640 2060 797 2157 ideoque
816 2059 936 2155 Caput
963 2057 1198 2131 undecimum
1225 2068 1345 2131 totum

307 2184 465 2268 occupat
482 2173 642 2269 objectio
652 2185 783 2246 contra
793 2173 916 2268 Caput
931 2196 968 2260 x,
987 2184 1027 2245 et
1039 2171 1087 2245 ad
1099 2171 1345 2268 objectionem

307 2286 508 2381 responsio.
562 2285 672 2360 Quod
684 2310 759 2359 non
776 2284 905 2358 fuisset
924 2285 1182 2374 necessarium,
1200 2284 1231 2356 si
1256 2282 1346 2356 fuis-

310 2410 392 2471 sent
408 2398 581 2494 legitimae
599 2397 928 2471 demonstrationes
945 2399 1035 2494 ejus.
1086 2397 1190 2493 Elige
1218 2420 1346 2492 quarn-

307 2510 398 2584 libet
412 2522 449 2584 et
463 2535 571 2607 quam
585 2523 692 2607 putas
709 2512 966 2585 firmissimam.

357 2621 404 2696 B.
431 2624 536 2719 Eligo
554 2638 734 2720 quartam,
751 2624 815 2696 ubi
832 2649 916 2697 cum
941 2624 1116 2720 angulum
1135 2623 1345 2697 constituis-

307 2735 417 2807 setin
435 2737 663 2809 semicirculo
682 2750 823 2810 rectum
838 2737 958 2825 ABG,
971 2737 1225 2833 supponitAB
1237 2760 1345 2831 super

308 2849 505 2922 terminum
530 2850 697 2923 diametri
729 2851 866 2922 moveri
897 2851 1123 2924 circulariter
1145 2850 1193 2922 ad
1219 2851 1345 2922 termi-

307 2984 396 3033 num
414 2962 634 3056 oppositum.
686 2962 837 3037 Quanto
861 2987 949 3058 ergo
971 2989 1014 3036 eo
1040 2976 1144 3036 motu
1167 2963 1346 3035 minuitur

306 3087 485 3170 perpetuo
503 3076 657 3172 angulus
670 3076 718 3149 ad
729 3078 773 3166 A,
784 3087 887 3149 tanto
901 3092 1057 3172 augetur
1073 3077 1228 3172 angulus
1246 3077 1292 3147 ad
1304 3076 1344 3148 C.

307 3188 435 3284 Itaque
454 3190 608 3286 angulus
626 3191 662 3262 in
678 3189 973 3264 circumferentia
989 3201 1166 3286 perpetuo
1180 3202 1346 3262 servatur

306 3316 441 3375 rectus.
494 3305 619 3378 Quare
647 3316 684 3377 et
714 3316 835 3376 rectus
861 3304 941 3391 erit,
966 3303 1112 3399 quando
1136 3303 1207 3374 AB
1229 3317 1284 3375 est
1308 3304 1345 3376 in

306 3417 386 3513 ipso
404 3418 583 3492 diametro
600 3419 639 3491 in
654 3419 694 3492 C.
747 3419 876 3515 Itaque
899 3418 1053 3514 angulus
1070 3417 1289 3491 semicirculi
1307 3420 1346 3490 in

306 3531 336 3602 C
353 3532 423 3604 erit
440 3543 575 3605 rectus.

356 3645 405 3717 A.
433 3645 490 3717 Ita
504 3644 663 3740 quidem,
679 3648 782 3741 cujus
800 3669 883 3717 crus
900 3644 1057 3717 alterum
1209 3663 1223 3712 t
1275 3694 1290 3733 a

305 3758 575 3830 semicirculum
601 3769 731 3853 tangat
759 3758 798 3830 in
828 3758 872 3830 C.
925 3755 998 3829 Sed
1026 3756 1057 3828 si
1100 3727 1344 3965 βξ,

305 3897 389 3946 crus
417 3873 572 3945 alterum
599 3871 645 3944 sit
668 3894 787 3958 arcus,
807 3893 881 3942 non
910 3882 966 3941 est
993 3892 1056 3941 nc·
1111 3880 1325 3970 *ἐξ

304 4009 416 4075 cesse,
435 4009 508 4057 non
532 3986 681 4080 inquam
703 4005 850 4056 necesse
873 3994 930 4053 est
947 4005 1057 4078 prop·
1095 3975 1113 4013 Δ
1327 3965 1342 4002 ⁰

304 4107 361 4169 ter
391 4098 465 4169 vim
498 4098 607 4193 hujus
642 4097 974 4183 demonstrationis,
1013 4095 1084 4169 nisi
1117 4108 1155 4169 et
1188 4092 1341 4188 angulus

303 4210 422 4284 factus
440 4212 484 4284 ab
503 4213 573 4284 ΑΒ
592 4226 630 4284 et
655 4235 744 4283 arcu
768 4210 834 4282 BC
858 4209 906 4281 sit
932 4211 1045 4282 etiam
1062 4218 1203 4289 rectus;
1230 4206 1341 4300 quod,

303 4347 510 4419 quanquam
530 4349 655 4397 verum
673 4324 732 4412 sit,
752 4322 897 4396 Clavius
916 4348 989 4396 non
1008 4319 1194 4397 concedet.
