2946 5010
309 387 333 452 8
526 401 797 482 examinacio
817 403 869 456 nr
887 400 1138 457 eunnnnrto

121 589 272 633 ammaus
308 567 505 665 profectus,
532 594 623 667 quos
651 569 782 643 fecisse
812 569 902 644 dicit
929 572 1110 645 mathesin
1136 571 1348 645 universam

122 671 266 775 ,ζμ
308 706 378 779 ope
395 683 590 756 authorum
608 683 754 756 illorum
772 708 863 780 quos
880 684 941 757 hic
958 685 1149 759 nominat?
1201 685 1240 758 Si
1256 686 1348 758 mihi

306 818 417 867 unam
442 796 670 870 solummodo
697 795 981 893 propositionem
1009 797 1226 872 indicaveris
1251 822 1348 894 sym-

306 908 435 981 bolicae
452 909 560 1005 hujus
584 931 652 1005 ope
678 909 878 996 inventam,
895 923 1030 1006 praeter
1046 911 1187 1007 aliquot
1204 923 1347 983 rectan-

305 1021 476 1119 gulorum
497 1035 536 1096 et
557 1022 824 1119 triangulorum
851 1024 1126 1097 rectilineorum
1151 1036 1348 1097 metamor·
1405 1114 1412 1124 ·

306 1135 449 1230 phoses
465 1159 546 1232 quae
560 1146 597 1208 et
609 1135 697 1232 ipsae
710 1135 787 1208 sine
799 1135 947 1232 algebra
964 1136 1120 1209 inveniri
1134 1147 1347 1231 potueruut,

307 1249 505 1322 concedam
521 1249 588 1322 tibi
603 1249 726 1322 omnia
739 1273 821 1345 quae
835 1248 988 1332 dixerim
1008 1262 1045 1323 et
1059 1274 1267 1346 quanquam
1281 1273 1348 1346 per

305 1361 504 1456 algemam,
522 1371 565 1435 ut
592 1362 756 1436 nonnulli
783 1362 1096 1452 existimaverunt,
1114 1363 1254 1435 nullum
1272 1388 1348 1436 non

305 1474 494 1569 problema
520 1476 611 1549 solvi
637 1491 772 1573 posset,
789 1474 880 1548 nihil
901 1486 1024 1548 tamen
1047 1477 1118 1549 hoc
1135 1475 1348 1549 adlaudem

304 1588 444 1661 faceret
457 1589 705 1684 symbolorum
717 1621 726 1673 ;
744 1588 842 1661 idem
856 1587 953 1660 enim
967 1589 1048 1661 fieri
1061 1612 1127 1685 per
1139 1589 1253 1662 verba
1264 1615 1348 1686 pos-

305 1711 374 1775 set.
402 1702 602 1790 Quaeritur,
617 1701 699 1797 quis
715 1724 889 1773 numerus
907 1700 966 1786 sit,
980 1703 1055 1797 qui,
1067 1702 1141 1774 sive
1159 1725 1348 1777 assumens

306 1815 505 1889 ternarium
520 1816 595 1888 sive
605 1814 864 1910 multiplicans,
875 1816 1047 1911 producit
1061 1815 1171 1888 idem.
1198 1816 1349 1889 Diceret

305 1929 511 2003 Wallisius:
539 1930 586 2002 sit
606 1929 797 2027 quesitum
809 1929 846 2001 Α
854 1957 868 2013 ;
887 1954 998 2026 quare
1018 1939 1082 2002 3÷
1096 1930 1125 2000 A
1139 1938 1206 2002 =3
1223 1930 1279 2008 Az
1310 1941 1349 2001 et

306 2041 454 2138 dempto
483 2042 655 2138 utrinque
680 2042 724 2129 Α,
747 2043 921 2127 3=2A;
954 2054 993 2115 et
1016 2040 1164 2123 A=-}.
1214 2041 1347 2114 Nonne

304 2154 402 2229 idem
421 2167 528 2243 esset,
543 2155 574 2227 si
592 2155 808 2243 diceremus,
828 2164 936 2229 3una
947 2179 1031 2228 cum
1042 2154 1348 2251 qnaeaitoaequari

303 2269 414 2366 triplo
432 2268 588 2366 quoeaito
598 2293 613 2349 ;
638 2278 676 2339 et
694 2266 766 2338 duo
790 2268 950 2363 quaerito
962 2269 1099 2363 aequari
1116 2268 1291 2356 ternario,
1310 2278 1348 2339 et

303 2380 458 2479 proinde
476 2379 669 2477 quaesitum
686 2379 824 2473 aequari
837 2377 890 2460 -ξπ
941 2381 1053 2453 Vides
1071 2405 1159 2478 ergo
1173 2380 1348 2476 symboli-

305 2519 386 2568 cam
404 2495 523 2582 istam,
542 2515 652 2588 quam
666 2491 820 2586 jactant,
837 2491 889 2563 nil
907 2493 1057 2565 omnino
1078 2507 1232 2589 propter
1250 2517 1346 2588 sym-

304 2608 400 2695 bola,
413 2606 477 2678 sed
490 2617 641 2702 propter
655 2603 770 2677 solam
784 2607 1005 2700 asupposito
1020 2606 1067 2679 ad
1085 2607 1348 2703 consequentia

305 2721 623 2795 ratiocinationem
653 2718 798 2800 valere;
830 2743 913 2814 quae
944 2720 1108 2793 securius
1143 2719 1346 2816 aliquanto,

305 2847 345 2907 et
363 2833 477 2907 multo
495 2833 611 2927 magis
628 2831 818 2927 perspicue
836 2833 1026 2927 perficitur
1043 2833 1221 2906 oratione.

354 2948 404 3021 B.
431 2948 481 3020 At
507 2946 597 3018 mihi
621 2943 769 3040 quidem
792 2944 893 3017 utilis
910 2945 1056 3018 videtur
1082 2956 1233 3041 propter
1250 2969 1347 3041 sym·

304 3061 472 3135 bolorum
489 3059 720 3132 brevitatem.

354 3175 402 3249 A.
431 3174 504 3251 Qui
531 3172 679 3270 quaeso?
731 3172 865 3245 Nonne
890 3172 964 3245 vim
992 3171 1347 3245 demonstrationum

304 3288 502 3385 symbolice
516 3287 748 3382 scriptarum,
760 3309 870 3381 quam
881 3286 1023 3375 Latine,
1036 3285 1212 3357 memoria
1221 3296 1347 3357 tenere

304 3401 486 3475 difficilius
516 3399 599 3473 est?
651 3399 698 3471 Et
716 3422 924 3495 quanquam
952 3398 1135 3494 analytica
1160 3421 1226 3493 per
1249 3421 1347 3494 sym-

302 3516 387 3589 bola
415 3514 562 3587 brevius
587 3512 770 3584 scribatur
796 3535 906 3607 quam
932 3512 1098 3585 oratioue
1121 3509 1242 3607 plena,
1270 3534 1346 3583 non

301 3637 426 3702 tamen
453 3627 597 3712 clarius,
621 3648 740 3720 neque
757 3636 799 3697 ut
816 3649 839 3697 a
856 3636 932 3697 tam
958 3624 1083 3697 multis
1099 3623 1216 3720 possit
1238 3623 1347 3696 intel·

303 3743 366 3838 ligi
380 3774 389 3826 ;
416 3741 551 3838 partim
569 3738 668 3835 quod
686 3737 815 3810 eadem
828 3736 993 3833 symbola
1010 3736 1138 3832 paucis
1154 3737 1228 3808 siut
1245 3761 1347 3809 com-

303 3857 452 3939 munia;
478 3853 613 3950 partim
649 3851 762 3923 etiam
786 3850 885 3946 quod
907 3850 1020 3921 verba
1046 3849 1137 3944 ipsa,
1163 3872 1237 3921 uon
1269 3849 1348 3921 sola

301 3968 478 4066 symbola,
496 3966 617 4039 animo
644 3964 751 4037 simul
774 3960 1023 4059 percurrenda
1040 3972 1137 4034 sunt.
1190 3962 1264 4035 Cur
1282 3986 1347 4034 au-

301 4094 375 4155 tem
390 4079 658 4153 arithmeticam
673 4077 874 4173 speciosam
893 4098 962 4170 ope
977 4075 1107 4164 Vietae,
1126 4075 1347 4171 Ougthredi,

301 4204 386 4284 etc,
401 4193 650 4268 introductam
663 4214 741 4264 esse
756 4187 873 4262 dicit?
901 4189 1016 4264 Quasi
1031 4190 1168 4262 veteris
1186 4188 1348 4284 algebrae

299 4319 410 4396 uotae,
429 4306 561 4403 quibus
582 4304 698 4390 radix,
717 4301 947 4397 quadratum,
972 4302 1100 4393 cubus,
1128 4314 1347 4398 caeteraeque
