2946 5010
426 487 739 542 nsrnuuarrcm
760 491 1002 543 noururuuu.
1167 473 1229 550 171

249 654 514 729 monaulum
544 681 618 730 non
645 657 755 731 modo
785 658 923 731 circino
950 657 1106 731 describi
1127 679 1235 753 posse
1272 680 1404 722 numos

198 769 306 856 nosti,
322 768 387 840 sed
403 770 514 842 etiam
532 771 707 844 continua
722 772 879 844 flexione
897 783 1019 844 rectae.
1072 771 1125 844 Ut
1138 771 1237 842 enim

197 893 299 954 recta
315 881 412 955 linea
428 883 549 979 frangi
561 896 685 980 potest
701 886 738 957 in
752 884 976 981 polygonum
989 884 1134 981 quotvis
1146 884 1239 957 late-

198 1019 279 1067 rum
294 997 505 1091 aequalium3
520 998 573 1070 ita
582 998 682 1071 flecti
694 1008 827 1094 potest,
838 998 877 1071 id
890 1009 956 1088 est,
970 999 1008 1071 in
1022 998 1123 1070 omni
1133 1008 1238 1093 parte

197 1109 331 1203 frangi,
349 1110 387 1182 in
405 1111 629 1207 polygonum
645 1111 801 1184 laterum
814 1136 967 1185 numero
985 1112 1225 1186 infinitorum.

251 1222 299 1294 Β.
328 1222 424 1295 Scio.

248 1334 297 1409 A.
325 1335 428 1408 Prior
445 1339 634 1430 generatio
652 1337 759 1411 lineae
772 1338 961 1410 circularis
978 1345 1034 1410 est
1050 1336 1239 1433 generatio

200 1447 246 1518 ab
264 1447 381 1537 initio,
400 1449 502 1521 nulla
518 1450 775 1546 praeexistente
792 1450 889 1523 linea
905 1461 1030 1532 recta3
1056 1449 1239 1546 posterior

199 1562 467 1656 praeexistentia
483 1575 594 1637 rectae
611 1563 767 1637 mutatio
785 1564 824 1635 in
842 1586 992 1636 curvam
1010 1563 1237 1636 circularem.

249 1675 297 1745 Β.
326 1674 382 1747 Ita
398 1687 465 1748 cst.

249 1784 295 1858 A.
323 1775 418 1860 Sunt
434 1801 557 1860 autem
575 1812 768 1861 curvarum
781 1787 862 1860 aliae
876 1787 1004 1882 magia,
1019 1786 1101 1859 aliae
1117 1787 1238 1861 miuus

201 1924 333 1972 curvae.
384 1902 513 1997 Itaque
546 1914 585 1975 et
617 1902 788 1974 curvitati
823 1901 922 1974 omni
956 1923 1022 1973 sua
1051 1910 1108 1972 est
1137 1911 1239 1974 certa

201 2015 395 2107 quantitas.

253 2125 295 2199 Β.
321 2128 397 2214 Est.

251 2241 298 2312 Α.
326 2243 374 2314 Et
390 2242 562 2315 curvitati
578 2242 746 2315 circulari
763 2265 829 2314 sua
845 2253 947 2313 certa
964 2240 1163 2336 quantitas.

249 2356 298 2427 Β.
324 2355 457 2429 Etiam.

249 2467 298 2552 Α.
325 2468 364 2540 Si
379 2479 565 2563 quaeratur
574 2479 697 2542 autem
711 2467 867 2541 duorum
880 2491 1032 2541 arcuum
1044 2466 1239 2563 aequalium

201 2583 238 2653 in
257 2581 408 2653 diversis
425 2582 581 2672 circulis,
591 2595 676 2655 uter
692 2582 741 2655 sit
758 2581 875 2678 magis
892 2605 1036 2668 curvus,
1054 2579 1239 2677 quomodo

199 2693 479 2788 respondebitur
493 2695 505 2766 l

250 2809 299 2880 B.
327 2809 472 2896 Nescio,
485 2808 555 2881 nisi
569 2808 667 2905 quod
679 2808 770 2881 mihi
783 2807 931 2905 quidem
941 2807 1109 2880 videatur
1119 2807 1239 2879 minor

201 2921 357 2992 circulus
385 2945 464 2993 esse
489 2922 607 3017 magis
633 2945 778 2995 curvus.
830 2922 925 2994 Nam
948 2920 1023 3017 legi
1045 2920 1084 2993 iu
1100 2920 1239 2993 Galilco

203 3033 302 3128 quod
328 3058 435 3107 arcus
460 3035 599 3123 circuli,
618 3036 648 3108 si
674 3035 797 3107 radius
827 3046 922 3107 esset
949 3034 1125 3126 infinitus,
1144 3044 1240 3108 essct

201 3147 296 3218 linea
312 3159 425 3219 recta.

252 3259 299 3330 A.
327 3261 405 3355 Ego
422 3284 510 3335 vero
538 3262 700 3333 omnium
726 3261 945 3333 circulorum
963 3260 1192 3356 perimetros,
1211 3259 1241 3330 si

202 3384 299 3444 totas
317 3387 472 3467 speclea,
491 3373 572 3446 dico
591 3396 696 3468 aeque
719 3396 797 3445 esse
817 3397 967 3456 curvas;
994 3373 1082 3445 item
1098 3381 1241 3467 partem

201 3485 389 3581 perimetri
412 3487 532 3574 uulua,
551 3484 705 3557 similem
732 3485 828 3581 parti
855 3485 1016 3572 alterius
1034 3508 1112 3558 esse
1137 3506 1241 3580 aeque

203 3621 362 3670 curvam.
416 3600 495 3671 Nec
513 3597 687 3671 dissentio
705 3621 727 3669 a
743 3596 893 3670 Galileo.
946 3599 1042 3671 Nam
1060 3599 1090 3671 si
1112 3598 1151 3671 in
1176 3619 1242 3694 pc-

202 3710 361 3782 rimetris
390 3710 616 3783 diversorum
650 3709 871 3782 circulorum
904 3733 1011 3782 arcus
1045 3710 1242 3807 sumpseris

202 3825 372 3919 aequales
390 3824 505 3919 magis
528 3848 661 3897 curvus
686 3834 743 3895 est
766 3823 796 3895 is
824 3824 887 3917 qui
914 3825 1070 3896 sumitur
1088 3823 1127 3896 in
1144 3822 1241 3919 peri·

202 3950 321 4009 metro
349 3939 501 4010 minore.
553 3938 597 4010 Id
621 3937 721 4032 quod
747 3936 863 4008 voluit
882 3936 1051 4009 Galileus
1103 3937 1241 4010 Verum

202 4051 232 4121 si
250 4051 447 4145 sumpseris
461 4075 566 4123 arcus
579 4049 882 4147 proportionales
895 4073 998 4146 aeque
1011 4050 1114 4122 curvi
1131 4063 1241 4133 sunt;

202 4175 245 4235 ut
279 4187 434 4258 quorum
469 4165 668 4237 curvitates
698 4163 867 4235 oriuntur
897 4186 920 4234 a
949 4161 1103 4235 totidem
1128 4177 1241 4238 rectae

201 4275 308 4347 lineae
333 4276 583 4362 motionibus
602 4277 639 4348 in
667 4275 832 4371 partibus
859 4275 1026 4367 totidem,
1045 4300 1126 4373 quae
1154 4287 1241 4353 sunt

200 4413 354 4462 numero
373 4390 538 4476 infinitae,
555 4389 898 4485 proportionalibus.

1276 764 1406 866 ..L-
