2946 5010
363 400 680 452 usrunuurrca
701 399 944 453 RODIERNAE.
1146 382 1170 463 7

176 565 226 640 A.
254 568 356 641 Bene
382 579 452 642 est.
503 567 587 640 Hoc
618 590 707 663 ergo
737 565 841 650 vult3
878 565 999 639 edicta
1027 587 1169 661 regum,
1202 601 1353 644 onmem

128 681 276 777 quaudo
293 681 441 777 publica
456 681 562 768 fiunt,
587 679 766 775 iuscripta
786 701 877 768 esse,
903 678 1088 769 nimirum,
1115 680 1170 778 ip·
1210 683 1352 786 „L

128 818 253 868 sorum
270 793 420 866 nomine
436 817 575 890 regum.
628 796 676 867 Et
692 819 820 869 verum
838 807 905 868 est.

178 906 227 979 B.
253 906 326 996 Ab,
344 929 466 1002 neque
486 907 538 979 sic
556 907 836 1004 intelligendum
854 920 923 997 est,
946 908 1012 981 sed
1036 909 1172 983 solum·

128 1018 239 1091 modo
258 1018 304 1092 de
321 1018 435 1092 libris.

179 1132 228 1204 A.
257 1132 296 1204 Si
322 1155 361 1204 se
388 1132 441 1205 ita
464 1130 620 1225 intelligi
643 1130 771 1218 voluit,
799 1158 909 1229 quam
933 1134 1041 1208 facile
1058 1137 1173 1233 scrip-

127 1244 218 1317 sisse
231 1245 363 1340 potuit,
379 1269 460 1317 crem
473 1242 562 1316 libri
574 1244 635 1340 qui
649 1243 883 1342 inpublicare
891 1248 1089 1346 prodeunt,
1103 1249 1171 1342 dre.

131 1359 224 1450 (non
235 1357 438 1455 prodeant,
462 1369 505 1430 ut
527 1357 588 1430 hic
609 1358 889 1458 scriptumest).
941 1362 1080 1435 Verum
1096 1387 1172 1436 nou

128 1470 218 1544 satis
245 1470 411 1566 intelligo
430 1471 519 1567 quid
545 1471 613 1543 sibi
639 1470 699 1543 bic
720 1472 798 1546 vult
819 1497 892 1546 vox
916 1497 961 1546 ea
977 1475 1172 1563 nonnullis,

129 1608 226 1680 quae,
245 1584 406 1657 solitarie
423 1585 544 1680 posita
567 1585 646 1658 sine
664 1585 905 1672 substantivo,
927 1610 1071 1685 semper
1088 1591 1173 1664 sub·

129 1698 294 1770 auditum
321 1697 432 1771 habet
456 1722 585 1771 vocem
608 1697 730 1772 rebus.
783 1699 926 1774 Quibus
952 1725 1041 1798 ergo
1064 1702 1173 1776 rebus

129 1810 280 1884 inscribi
298 1811 415 1884 solere
433 1811 524 1884 dicit
541 1811 679 1885 libros?

181 1922 230 1995 B.
259 1923 414 2009 Quibus,
445 1923 515 1996 uisi
545 1923 783 1997 nominibus?
815 1937 857 1997 ut
891 1926 992 2022 (post
1022 1928 1175 2024 quinque

130 2048 196 2109 aut
212 2059 281 2108 eea
298 2036 441 2128 versus)
467 2058 513 2107 ex
529 2036 587 2108 bis
603 2035 736 2123 verbis,
757 2047 882 2108 oestro
900 2037 1011 2110 libuit
1027 2041 1174 2114 nominc

130 2147 306 2246 seligere,
335 2147 463 2244 quibus
493 2149 555 2244 qui
583 2148 747 2245 sequitur
778 2159 977 2223 tractatum
1005 2151 1175 2226 duxerim

131 2259 412 2350 inscribendum,
431 2261 582 2335 cuilibet
599 2260 834 2334 manifestum
851 2285 930 2336 esse
947 2277 1081 2360 potest.

180 2373 217 2445 A
222 2429 231 2446 .
257 2375 309 2447 At
325 2374 455 2447 melius
472 2374 613 2463 fuisset,
627 2374 658 2447 si
674 2375 923 2470 praecedentia
939 2380 1176 2475 sequentibus

130 2486 380 2582 praetulissent
395 2487 520 2583 potius
544 2487 674 2575 lucem,
694 2511 805 2585 quam
829 2488 1050 2566 debuissent.
1103 2493 1176 2569 Sed

129 2600 365 2696 pergo-Id
391 2600 480 2673 milei
505 2600 663 2674 maxime
687 2600 879 2674 cicumeat
897 2602 1117 2696 incumbere,
1136 2618 1177 2682 ret

121 2712 346 2807 justusne
373 2713 469 2786 votis
498 2713 590 2802 eois,
605 2723 778 2811 quantum
801 2713 840 2786 in
858 2739 914 2788 me
930 2727 998 2804 eet,
1016 2719 1177 2817 satisfa-

131 2823 379 2898 ciam-Suis
408 2825 482 2915 hic,
505 2849 573 2922 pro
602 2824 716 2914 illiue,
743 2849 874 2922 nempe
902 2827 948 2902 D.
968 2831 1017 2902 H.
1037 2831 1176 2922 Savilii,

131 2961 205 3010 non
223 2951 323 3011 recte
341 2939 471 3012 utitur.
524 2939 598 3012 Sed
622 2938 719 3011 nolle
742 2953 779 3011 te
796 2943 1074 3034 grammaticam
1104 2947 1176 3020 hoc

131 3049 213 3123 loco
237 3052 439 3124 examinari
469 3052 605 3124 oblitus
635 3052 866 3124 eram-Ee
894 3078 979 3151 quo,
1014 3056 1175 3154 inquom,

129 3162 220 3252 ltaec,
238 3163 362 3253 idest,
381 3164 593 3260 symbolica,
612 3164 829 3238 introducto
847 3178 906 3239 eet
930 3167 964 3238 V
961 3169 1054 3258 ietoe,
1073 3169 1176 3270 Oug-

131 3275 269 3367 thredt',
303 3275 512 3366 Horriotti,
542 3277 708 3350 Cartesii
741 3304 823 3376 ope,
857 3306 966 3378 quom
1006 3282 1175 3381 ingentes

116 3389 268 3486 feeerit
288 3391 488 3487 profectus
515 3390 703 3463 Motlteeie
733 3391 917 3481 universa,
942 3418 1046 3467 nemo
1075 3395 1176 3470 hisce

130 3501 243 3575 relme
271 3501 333 3575 vel
358 3502 492 3577 leviter
526 3503 752 3576 exercitatus
783 3504 962 3602 ignorare
985 3509 1176 3604 poenit,—

131 3616 257 3689 Audin
272 3615 284 3687 l

181 3727 229 3802 B.
255 3729 390 3803 Audio.

181 3841 228 3914 A.
256 3842 314 3915 Ne
328 3842 397 3938 ipsi
415 3842 563 3939 quidem
590 3842 783 3938 analyticae
800 3866 866 3939 per
883 3858 1085 3940 potestates
1107 3846 1172 3919 ad-

130 3956 241 4029 scribi
257 3967 424 4051 possunt,
443 3981 525 4052 quae
543 3956 603 4029 ille
618 3956 679 4029 bic
696 3957 846 4029 ascribit
863 3958 1035 4052 symbolis
1050 3991 1059 4043 ;
1086 3983 1172 4033 uam

132 4093 361 4165 quaecunque
374 4070 531 4142 inveniri
542 4081 696 4165 possunt
713 4093 778 4165 per
796 4070 960 4165 symbola
977 4072 1046 4144 ista
1063 4097 1170 4164 nova,

131 4181 288 4255 inveniri
306 4182 415 4255 etiam
426 4182 632 4278 potuissent
648 4206 713 4278 per
726 4181 977 4278 antiquissima
994 4186 1170 4281 symbola,

130 4294 304 4370 nimirum
322 4295 443 4369 verba.
495 4296 649 4386 Deinde,
668 4295 817 4391 quinam
835 4309 921 4370 sunt
937 4298 1105 4394 ingentes
1117 4300 1172 4375 illi
