2956 5018
507 458 841 520 anomnrnauum.
1048 459 1050 463 ’
1119 448 1188 519 411

154 631 299 704 enimsi
325 631 440 727 (quod
457 632 516 704 ille
535 634 639 728 dicit)
663 646 843 730 puuctum
869 634 961 707 nibil
987 635 1193 722 est,'consi-
1251 661 1360 702 olax.

154 743 273 817 derari
307 757 485 840 punctum
519 746 615 818 inter
650 761 864 843 utramque:
900 769 986 819 nam
1017 747 1194 843 contigua
1234 729 1386 849 ΜΘ

152 868 306 951 possunt
333 881 409 929 non
430 856 539 930 modo
567 858 648 930 loco
674 857 846 954 disjungi,
865 857 929 931 sed
947 858 1059 931 etiam
1077 859 1193 956 quali·
1237 857 1362 913 1³¹*me

152 981 227 1041 tate
246 970 369 1064 aliqua
386 970 543 1059 differre,
561 983 603 1044 ut
626 971 761 1044 colore.
814 972 865 1044 Et
894 983 1092 1069 propterea
1119 972 1194 1046 duo

153 1094 262 1154 sunt:
291 1084 398 1154 etsie
425 1083 639 1156 habebimus
662 1085 735 1156 tria
762 1096 911 1180 puncta,
929 1084 1102 1157 nimirum
1120 1085 1194 1158 duo

151 1195 188 1266 iu
207 1195 295 1290 ipsis
312 1196 416 1268 lineis
439 1197 622 1292 contiguis
648 1221 804 1292 quorum
831 1198 986 1269 alterum
1006 1197 1053 1270 sit
1070 1197 1194 1271 album

151 1308 308 1381 alterum
339 1310 498 1404 nigrum,
516 1324 553 1382 et
579 1311 676 1383 inter
701 1310 763 1382 illa
789 1311 862 1383 duo
888 1322 1027 1406 puncta
1042 1311 1194 1384 tertium

151 1423 286 1494 nullius
304 1423 447 1496 coloris.
501 1422 822 1496 Quemadmodum
845 1423 956 1495 etiam
978 1422 1060 1495 duae
1076 1422 1195 1519 planae

152 1536 361 1629 superficies
391 1536 549 1609 admotae
579 1536 627 1609 ad
653 1549 866 1609 contactum
891 1548 1058 1609 mutuum
1085 1546 1195 1610 erunt

152 1649 267 1722 altera
301 1649 395 1737 alba,
427 1650 543 1723 altera
575 1651 693 1745 nigra,
720 1651 836 1723 altera
866 1650 978 1723 nibil:
1006 1662 1194 1724 ettamen

151 1785 277 1834 omnes
294 1763 401 1836 simul
418 1788 494 1836 uua
510 1764 735 1859 superficies.

201 1874 287 1947 Non
306 1875 432 1947 dubito
450 1876 538 1972 quin
562 1876 732 1948 Euclides
758 1887 953 1971 tangentes
971 1875 1192 1949 circulorum

153 2010 296 2082 semper
323 1987 508 2060 ducendas
533 1989 677 2082 putavit
698 2011 765 2085 per
787 1987 1049 2061 diametrorum
1067 1987 1193 2059 termi-

150 2123 239 2171 nos:
258 2111 367 2195 atque
382 2101 435 2171 ita
448 2112 627 2195 punctum
639 2111 831 2173 contactus
844 2124 987 2196 semper
998 2123 1193 2173 commune

149 2213 237 2285 fecit
265 2214 375 2285 trium
406 2213 597 2300 linearum,
616 2213 801 2299 nimirum,
820 2237 927 2286 arcus
954 2213 1093 2302 circuli,
1112 2224 1192 2287 tan·

149 2326 271 2420 gentis
289 2326 478 2414 circulum,
496 2338 535 2398 et
552 2327 656 2398 lineae
683 2326 875 2422 cujusdam
899 2350 966 2424 per
984 2350 1094 2423 quam
1111 2336 1193 2400 tan·

149 2463 239 2533 gens
257 2439 302 2511 ab
321 2462 409 2511 arcu
427 2438 541 2510 dividi
558 2450 595 2511 et
613 2439 696 2512 loco
711 2441 872 2535 separari
885 2452 1022 2536 posset.
1062 2438 1192 2536 Neque

150 2552 323 2624 credibile
341 2563 407 2640 est,
426 2553 455 2624 si
474 2563 687 2625 contactum
714 2551 802 2648 quid
830 2554 877 2626 sit
903 2552 1000 2625 clare
1027 2553 1193 2649 explicu-

149 2663 238 2736 isset
254 2664 438 2754 Euclides,
452 2664 738 2737 controversiam
756 2665 854 2738 inter
872 2664 1038 2738 Clavium
1056 2675 1093 2737 et
1111 2665 1192 2738 Pel·

149 2776 318 2849 letarium
336 2777 382 2850 de
400 2778 536 2872 angulo
554 2790 747 2851 contactus
765 2779 877 2851 ullam
895 2779 1073 2852 extitisse.

198 2891 372 2963 Definitio
387 2890 528 2963 decima
545 2918 554 2962 ε
574 2890 724 2963 Similia
739 2889 873 2964 circuli
885 2900 1075 2990 segmenta
1092 2901 1190 2980 suat,

148 3029 229 3098 qam
248 3003 405 3100 ongalou
421 3004 576 3100 cupiunt
593 3002 768 3101 aquales,
786 3012 851 3075 out
869 3002 1046 3100 inquibus
1060 3002 1192 3101 anguli

148 3125 234 3186 aunt
262 3116 358 3187 inter
387 3115 629 3211 coequales.
682 3116 721 3188 Si
747 3116 785 3187 in
812 3115 954 3188 duobus
990 3117 1191 3210 segmentis

149 3228 369 3300 circulorum
401 3227 505 3299 valde
539 3228 773 3323 inaequalium
799 3228 1088 3300 inscriberentur
1114 3226 1189 3301 dno

149 3340 274 3435 anguli
284 3341 379 3413 inter
392 3362 430 3412 se
442 3339 610 3436 aequales,
622 3339 818 3413 credamne
829 3363 976 3413 omnem
988 3339 1189 3428 hominem,

149 3453 212 3548 qui
245 3465 461 3547 agnosceret
495 3453 714 3547 angulorum
748 3452 895 3525 illorum
928 3451 1189 3546 aequalitatem,

148 3565 351 3637 necessario
369 3565 481 3637 etiam
498 3565 709 3660 agniturum
732 3589 811 3638 esse
834 3565 996 3661 ipsorum
1020 3587 1189 3659 segmen·

149 3691 270 3750 torum
291 3677 567 3750 similitudinem
591 3676 717 3750 inferri
740 3701 848 3774 posse
866 3675 1131 3765 ratiocinando,
1150 3675 1190 3749 id

148 3805 215 3879 est,
234 3792 320 3863 inde
331 3791 388 3862 vel
405 3790 553 3863 aliunde
572 3791 815 3864 demonstrari
831 3791 964 3887 posse?
1008 3790 1082 3863 Sed
1099 3802 1189 3863 tunc

147 3929 221 3976 non
252 3905 323 3976 erit
357 3904 545 3977 definitio:
570 3928 658 3977 nam
683 3928 728 3977 ea
754 3903 864 3977 debet
893 3927 971 3978 esse
996 3903 1188 3977 indemon-

147 4019 319 4090 strabilis.

198 4130 290 4202 Cum
313 4131 514 4227 geometria
545 4141 624 4203 tota
639 4142 806 4202 versetur
826 4129 925 4201 circa
948 4128 1186 4225 quantitates,

147 4243 488 4315 commensurabilia
514 4253 550 4314 et
580 4241 975 4329 incommensurabilia,
998 4243 1186 4339 aequalita-

146 4369 220 4429 tem
240 4370 276 4431 et
290 4356 587 4453 inaequalitatem,
601 4358 802 4453 figurarum
815 4357 1071 4453 proportiones
1083 4367 1122 4429 et
1139 4355 1185 4429 si·
