2946 5010
472 449 751 503 nnonnnnrnrn
771 448 963 503 nursrcu.
1166 434 1233 501 341

201 644 204 649 ·
244 609 291 686 Β.
319 613 417 687 Quia
428 617 561 712 puteus
572 615 778 713 profundus
791 627 848 689 est
858 616 976 690 instar
988 616 1088 689 urcei
1100 617 1236 712 magni,
1291 641 1358 682 cnr.
1374 641 1403 682 v.

196 726 300 821 cujus
327 728 557 824 superficiem
585 729 760 801 extimam
783 726 913 801 radere
930 751 994 801 aer
1009 752 1085 801 non
1101 738 1236 826 potest,
1278 709 1421 815 W

195 838 266 910 nisi
293 850 404 930 terra,
432 864 505 938 qua
534 840 771 914 circundatus
799 852 855 913 est
883 863 1027 933 urceus,
1056 840 1162 914 valde
1188 843 1238 915 sit
1294 835 1394 879 “¹¹¹⁰ffi·

195 952 401 1048 spongiosa.

244 1065 295 1140 Α.
322 1067 397 1140 Cur
413 1091 486 1141 non
505 1067 722 1164 congelatur
738 1066 877 1157 vinum,
895 1066 990 1140 sicut
1007 1066 1127 1162 aqua?

245 1177 295 1250 B.
314 1179 443 1254 ‘Etiam
455 1180 582 1254 vinum
600 1180 865 1277 congelabitur‚
880 1180 911 1253 si
927 1179 1044 1276 frigus
1063 1204 1236 1278 magnum

194 1290 243 1364 sit
271 1303 309 1365 et
337 1293 563 1368 diuturnum.
616 1293 690 1366 Sed
724 1304 845 1367 motus
876 1292 1042 1366 internus
1075 1295 1237 1391 partium

193 1404 280 1493 vini,
299 1406 395 1479 sicut
418 1417 457 1479 et
484 1406 684 1479 multorum
710 1405 866 1479 aliorum
891 1407 1088 1502 liquorum,
1106 1407 1238 1482 fortior

194 1528 261 1602 est,
280 1519 374 1591 etin
393 1519 592 1615 majoribus
618 1518 775 1607 circulis,
795 1543 903 1615 quam
929 1532 1053 1593 motus
1075 1521 1235 1614 partium

193 1655 323 1727 aquae:
351 1644 390 1706 et
418 1643 614 1730 propterea
636 1632 757 1705 minus
773 1632 880 1705 facile
905 1633 1118 1721 indurescit,
1141 1656 1236 1730 prae-

194 1745 321 1816 sertim
346 1768 461 1841 usque
487 1746 535 1819 ad
561 1758 742 1819 centrum.
793 1746 921 1819 Partes
938 1745 1037 1818 enim
1053 1745 1130 1818 vini
1146 1768 1235 1842 qua-

193 1879 275 1929 rum
293 1868 350 1931 est
367 1871 489 1931 motus
507 1858 568 1931 ille
584 1858 701 1947 fortis,
719 1858 902 1954 recipiunt
925 1882 964 1932 se
990 1859 1038 1932 ad
1055 1870 1234 1931 centrum.

193 1969 279 2042 Vini
297 1983 419 2044 autem
438 1971 538 2068 quod
555 1971 629 2045 illic
647 1981 715 2060 est,
728 1971 870 2067 reliquo
889 1972 1095 2068 congelato,
1112 1969 1235 2044 fortis-

194 2082 326 2156 simum
345 2096 410 2157 est.

622 2660 726 2734 CAP.
742 2663 805 2735 Vl.

244 2860 524 2913 PROBLEMATA
544 2861 597 2911 DE
618 2861 785 2928 PLUVIA,
805 2863 960 2931 qu‘ro,
979 2864 1179 2925 ALIISQUB

510 2961 615 3013 GOELI
636 2962 961 3017 VARIETATIBUS.

243 3105 279 3175 Α
285 3162 292 3176 .
321 3106 435 3179 Qutn
455 3103 617 3199 pluviam
634 3103 756 3191 efficit,
775 3115 812 3176 et
829 3105 1043 3198 quomodo?

245 3216 292 3287 B.
321 3218 465 3289 Motum
485 3216 579 3289 aeris
593 3216 755 3312 (qualem
772 3228 858 3289 ante
877 3217 1083 3313 descripsi),
1098 3239 1234 3290 conan-

192 3337 267 3399 tem
302 3328 349 3400 ad
382 3328 544 3423 partium
578 3328 673 3402 aeris
705 3328 997 3426 diremptionem,
1029 3329 1235 3403 necessario

193 3441 358 3536 sequitur
399 3451 554 3512 conatus
593 3452 791 3537 perpetuus
829 3442 930 3538 (quia
963 3441 1065 3515 locus
1098 3466 1235 3515 vacuus

192 3552 314 3625 nullus
342 3553 414 3645 est)
441 3552 604 3625 omnium
629 3553 789 3648 partium
811 3555 1008 3627 fluidarum
1038 3580 1120 3651 quae
1147 3568 1234 3630 sunt

192 3667 229 3737 iu
257 3666 447 3760 superficie
479 3665 632 3754 telluris,
652 3665 699 3739 ad
727 3665 789 3738 illa
814 3667 896 3740 loca
923 3667 1126 3763 supplenda
1151 3691 1235 3764 quae

191 3779 327 3874 alioqui
354 3790 477 3851 essent
494 3803 622 3851 vacua.
676 3778 775 3851 Hine
800 3781 855 3868 fit,
873 3792 915 3853 ut
932 3781 1044 3853 maris
1062 3793 1099 3853 et
1124 3792 1235 3855 terrae

191 3904 314 3987 partes
340 3891 566 3965 fluidissimae
593 3903 631 3964 et
660 3892 915 3966 minutissimae
941 3906 1131 3989 surgentes
1158 3895 1235 3967 aeri

193 4031 231 4079 se
250 4005 501 4077 immisceant:
529 4028 610 4100 quae
628 4005 793 4078 collectae
810 4007 904 4078 fiunt
922 4007 1049 4079 nubes.
1090 4007 1233 4080 Harum

191 4144 276 4215 pars
311 4119 470 4191 maxima
505 4118 590 4191 inde
618 4119 735 4191 oritur
761 4119 825 4191 ubi
855 4121 1015 4193 maxima
1042 4130 1099 4192 est
1128 4143 1233 4217 aquae

192 4234 391 4329 quantitas,
426 4232 611 4317 nimirum,
642 4256 665 4304 a
694 4234 861 4328 partibus
891 4233 1019 4306 oceani
1054 4235 1233 4324 maximis,

192 4372 274 4442 quoe
306 4358 391 4420 suut
414 4370 514 4418 mare
544 4345 723 4435 iudicum,
741 4371 842 4420 mare
860 4347 1042 4436 Australe,
1070 4359 1107 4422 et
1133 4372 1233 4422 mare
