2946 5010
341 406 408 471 114
552 416 822 470 nmmum
841 417 893 468 nr
910 415 1159 469 nunnnamo

149 605 299 649 umacus
335 580 491 654 eandem
505 603 740 654 communem
752 605 964 655 mensuram
978 580 1242 678 multiplicetur
1254 613 1266 666 ;
1290 605 1373 678 pro

150 687 295 792 ,ἓξ
336 694 438 768 ducti
453 694 560 768 radix
576 705 633 767 est
648 694 815 768 radicum
840 718 1076 768 numerorum
1100 695 1374 791 propositorum

335 831 489 882 summa
540 808 760 904 Exemplum
788 809 1012 905 operationis
1035 809 1144 881 affert
1168 807 1253 882 hoc.
1316 808 1374 881 Sit

334 920 441 994 radix
454 920 671 1018 quadratica
687 926 756 1003 147
766 921 937 994 addenda
946 921 1063 995 radici
1075 919 1302 1018 quadratioec
1316 927 1372 997 12.

333 1032 471 1106 Divisis
487 1033 667 1106 ambobus
679 1035 842 1107 numeris
851 1035 1131 1130 permaximam
1141 1057 1371 1107 communem

333 1168 543 1219 mensuram
572 1154 608 1234 3,
636 1147 732 1219 fiunt
757 1147 968 1244 quotientea
992 1154 1042 1219 49
1068 1160 1107 1220 et
1134 1156 1184 1230 4;
1215 1170 1372 1244 quorum

332 1257 476 1332 radices
493 1263 621 1340 sunt7
645 1267 733 1331 et2.
785 1257 998 1332 Quadratus
1024 1283 1048 1330 a
1078 1260 1205 1352 (742)
1230 1270 1289 1333 est
1310 1267 1371 1349 81,

333 1370 397 1465 qui
419 1370 554 1444 ductus
581 1371 619 1443 in
649 1371 805 1443 candem
835 1394 1067 1443 communem
1098 1395 1309 1445 mensuram
1335 1381 1371 1461 3,

331 1483 422 1556 facit
434 1493 523 1572 243,
541 1485 647 1579 cujus
663 1484 768 1556 radix
782 1484 999 1581 quadraticn
1014 1485 1164 1580 aequalis
1188 1497 1247 1558 est
1274 1484 1371 1558 radi·

332 1597 436 1670 cibus
470 1596 695 1695 quadraticis
723 1597 916 1693 utriusque
948 1598 1095 1671 numeri
1131 1603 1201 1681 147
1236 1609 1276 1671 et
1314 1607 1369 1671 12.

332 1709 621 1784 Substractionis
635 1722 760 1783 autem
777 1710 985 1806 exemplum
995 1711 1070 1784 hoc
1085 1722 1154 1784 est.
1205 1709 1394 1785 Quadra·

330 1834 404 1906 tur,
417 1847 493 1896 non
504 1835 645 1896 utante
646 1823 1324 1912 ,summaseddifferentiaradicum7
1333 1835 1369 1897 et

331 1944 354 2008 2
356 1961 465 2033 quae
481 1945 600 2020 est5;
618 1937 723 2032 cujus
740 1935 941 2033 quadratus
959 1946 1100 2010 est25·
1089 1938 1369 2035 ,quimultipli·

331 2061 435 2123 catus
447 2049 681 2146 pereundam
698 2049 896 2122 maximam
912 2073 1145 2124 communem
1161 2074 1368 2125 mensuram

331 2172 367 2253 3,
383 2163 474 2237 facit
491 2169 565 2248 75;
591 2166 697 2260 cujus
722 2162 830 2236 radix
859 2173 916 2237 est
945 2163 1097 2260 aequalis
1123 2187 1278 2239 numero
1307 2165 1369 2262 qui

329 2278 549 2374 relinquitur
566 2276 729 2352 deducta
748 2276 876 2350 radice
889 2277 1105 2373 quadratien
1125 2287 1169 2351 12
1186 2301 1233 2350 ex
1249 2277 1370 2351 radice

329 2391 544 2487 quadraticn
560 2394 644 2472 147.

378 2504 428 2575 Β.
456 2503 557 2575 Νιιιιι
570 2501 802 2575 demonstrat
819 2502 890 2576 hoc
907 2502 1168 2599 Oughtredus?

378 2614 425 2686 A.
451 2603 618 2687 Minime.
683 2614 915 2710 Propositum
946 2616 1044 2688 enim
1077 2615 1131 2687 illi
1160 2626 1253 2710 puto
1288 2624 1367 2687 erat

329 2728 516 2824 algebram
533 2750 608 2799 non
626 2727 795 2801 omnibus
814 2728 985 2817 scribere,
1002 2727 1068 2801 sed
1084 2727 1295 2824 geometris,
1306 2726 1367 2823 qui

329 2838 513 2936 quomodo
531 2838 857 2913 demonstrandum
875 2853 972 2914 esset
989 2864 1035 2913 ex
1052 2842 1132 2937 ipsa
1155 2841 1366 2937 operatione

328 2952 533 3049 intelligere
550 2965 714 3049 possunt.

377 3068 428 3140 B.
454 3068 677 3140 Demonstro
693 3068 765 3141 hoc
779 3080 832 3140 tu.

377 3181 425 3254 A.
454 3181 566 3256 Quod
583 3181 709 3255 datum
740 3193 796 3254 est
823 3204 938 3269 sumo,
964 3180 1108 3253 radices
1130 3203 1366 3253 numerorum

332 3299 401 3377 147
418 3307 455 3368 ct
477 3304 520 3369 12
538 3319 618 3369 csse
636 3294 993 3369 commensurabiles,
1020 3295 1114 3366 Sunt
1124 3317 1213 3389 crgo
1227 3294 1365 3368 eaedem

326 3408 469 3482 radices
497 3434 734 3482 numerorum
764 3408 1039 3504 quadratorum.
1091 3407 1145 3480 Ut
1173 3430 1262 3503 crgo
1297 3411 1365 3489 147

326 3520 374 3593 ad
402 3530 457 3610 12,
476 3523 529 3595 ita
558 3535 614 3595 est
636 3522 836 3618 quadratus
863 3544 1039 3595 numerus
1068 3519 1116 3594 ad
1146 3520 1365 3616 quadratum

325 3656 530 3708 numerum.
599 3635 820 3709 Dividuntur
855 3635 964 3708 ambo
995 3657 1063 3731 per
1104 3657 1232 3707 eorum
1266 3658 1364 3708 com-

326 3771 474 3820 munem
509 3772 717 3821 mensuram
747 3749 944 3821 maximam
976 3757 1011 3836 3,
1040 3759 1220 3843 eruntque
1246 3749 1365 3844 quoti-

326 3873 429 3934 entes
447 3870 494 3933 49
514 3872 551 3935 et
564 3872 599 3933 4.
626 3862 692 3934 Est
702 3886 803 3958 crgo,
821 3875 864 3935 ut
885 3869 954 3944 147
966 3861 1015 3934 ad
1033 3870 1089 3946 12,
1100 3861 1154 3933 ita
1166 3860 1364 3956 quadratus

324 3998 498 4048 numerus
511 3984 558 4047 49
578 3975 624 4047 ad
636 3975 857 4070 quadratum
868 3998 1064 4047 numerum
1082 3984 1104 4045 4
1119 4004 1128 4057 ;
1147 3984 1184 4045 et
1201 3985 1244 4046 ut
1261 3973 1364 4046 radix

325 4086 540 4182 quadraticn
562 4095 629 4170 147
648 4087 694 4161 ad
714 4087 876 4160 radicem
898 4087 1151 4183 quadraticam
1186 4094 1243 4173 12,
1262 4086 1315 4158 ita
1340 4089 1362 4167 7

324 4198 371 4270 ad
389 4208 425 4271 2.
479 4198 622 4272 Additis
639 4200 747 4272 simul
766 4205 787 4271 7
806 4211 843 4271 et
858 4208 894 4287 2,
911 4200 954 4271 fit
972 4207 995 4270 9
1013 4230 1022 4282 ;
1042 4199 1145 4293 cujus
1163 4196 1363 4292 quadratus

324 4324 381 4384 est
398 4319 441 4384 81
459 4340 468 4383 :
495 4312 559 4407 qui
575 4337 749 4387 numerus
767 4313 1030 4409 multiplicatus
1046 4334 1113 4407 per
1131 4334 1362 4385 communem
