2946 5010
312 405 383 471 124
529 419 797 474 axaurnamo
819 419 870 473 nu
890 419 1140 473 nnnunauro

117 609 269 653 unrocus
307 583 536 681 magnitudo,
568 585 699 683 inquit,
729 585 859 683 aliquo
886 610 1035 660 numero
1061 582 1254 674 diuiditur,
1280 609 1357 658 nou·

119 691 263 796 :u

307 706 383 769 tum
400 697 534 770 divisio
550 709 609 771 cat
626 725 732 796 quum
749 699 1031 798 multiplicatio.
1083 696 1195 773 Quod
1218 696 1355 771 falsum

306 822 383 892 est;
410 810 483 883 imo
500 835 588 884 vero
606 812 817 901 absurdum,
829 811 1124 909 magnitudinem
1141 834 1211 907 per
1226 834 1357 883 nnme-

305 946 388 996 rum
412 923 536 1013 dividi,
562 934 604 997 ut
628 925 730 998 nulla
757 935 882 998 tamen
905 926 970 998 fiat
997 924 1139 999 divisio.
1196 924 1293 996 Nam
1323 924 1356 996 si

306 1049 493 1132 qnaeratur
511 1039 655 1134 quoties
681 1047 703 1110 2
723 1038 757 1110 A
782 1037 1016 1134 reperiantur
1038 1037 1076 1110 in
1103 1046 1117 1110 l
1140 1037 1186 1124 A,
1205 1059 1355 1133 respon·

306 1149 416 1221 detur
432 1161 603 1223 accurate
621 1148 645 1248 ὲ
663 1149 797 1234 semel;
823 1173 927 1246 aeque
945 1173 990 1223 ac
1014 1149 1046 1224 si
1063 1149 1243 1246 quaerenti
1261 1174 1354 1254 qno·

305 1261 374 1335 ties
410 1270 452 1336 12
484 1262 722 1336 continentur
751 1262 790 1335 in
822 1271 857 1351 6,
884 1263 1170 1359 responderetur
1184 1259 1244 1344 ἐς.
1301 1262 1353 1335 At

305 1374 501 1471 quaritur,
531 1375 653 1471 inquit
674 1374 873 1460 Wallisius,
903 1375 1042 1471 quoties
1064 1398 1235 1448 numerus
1262 1400 1354 1472 quo-

305 1487 496 1563 drutorum
519 1487 556 1560 in
574 1511 667 1560 orco
685 1487 769 1576 AB,
787 1488 972 1561 contineat
990 1511 1174 1560 nonerunt
1190 1485 1354 1587 longitu-

305 1600 427 1674 dinum
444 1601 483 1673 in
501 1599 621 1673 lutere
633 1601 678 1689 A,
697 1610 737 1673 ut
751 1600 948 1698 proueniat
964 1615 1133 1673 nummu
1147 1599 1353 1698 longitudi-

304 1738 386 1786 num
403 1714 440 1786 in
458 1712 576 1786 litere
591 1713 634 1787 B.
686 1715 816 1810 Itaque
833 1716 873 1787 in
896 1737 1050 1787 numero
1075 1713 1350 1810 quadratorum,

304 1827 342 1900 id
377 1840 432 1900 est
466 1827 504 1898 iu
541 1826 895 1923 parallelogrammo,
930 1827 1142 1900 continetur
1176 1849 1351 1900 numerus

303 1940 599 2038 longitudinum:
624 1941 748 2029 idest,
766 1940 1016 2037 longitudines
1043 1941 1184 2037 aliquot
1207 1940 1350 2014 iaciunt

303 2053 547 2150 superficiem.
599 2053 709 2129 Quod
727 2065 764 2126 et
781 2052 981 2126 absurdum
1006 2065 1072 2143 est,
1091 2067 1129 2128 et
1152 2065 1286 2127 contra
1306 2077 1351 2126 ea

303 2192 386 2263 qnae
403 2168 568 2263 proxime
586 2177 673 2240 ante
692 2166 847 2256 dixerat,
864 2166 1049 2256 nimirum,
1068 2167 1129 2239 ltic
1145 2190 1217 2239 uon
1234 2166 1349 2263 quari

304 2281 489 2376 quotieaA
502 2280 704 2353 continetur
717 2280 756 2353 in
765 2279 886 2378 plano
895 2280 978 2353 AB.
1019 2280 1083 2354 Sin
1098 2304 1165 2377 per
1176 2303 1349 2354 numeros

305 2392 569 2488 quadratorum
602 2403 640 2466 et
672 2392 949 2489 longitudinum
983 2393 1140 2489 intelligi
1170 2394 1252 2467 vult
1280 2418 1348 2468 nn-

303 2529 425 2577 meros
444 2505 669 2601 simpliciter,
686 2519 729 2579 ut
751 2531 879 2580 sensus
897 2507 957 2596 sit,
976 2531 1170 2580 numerum
1188 2507 1348 2603 aliquem

304 2618 530 2714 simpliciter,
548 2619 671 2708 idest,
690 2620 873 2693 nullarum
897 2645 1019 2693 rerum
1042 2644 1237 2694 numerum
1261 2645 1348 2694 con-

303 2731 413 2803 tineri
440 2732 479 2804 in
510 2756 595 2805 area
623 2732 955 2828 parallelogrammi
979 2733 1063 2822 AB,
1094 2732 1258 2828 loquitur
1281 2733 1348 2806 ali-

304 2856 442 2941 quanto
460 2845 571 2918 etiam
589 2846 793 2919 absurdius.

353 2958 402 3031 B.
428 2957 631 3032 Veritatem
658 2959 756 3031 circa
787 2959 1031 3032 differentiam
1062 2959 1158 3031 iuter
1184 2958 1347 3054 applica-

304 3070 442 3143 tionem
460 3071 559 3166 plani
573 3071 621 3144 ad
638 3072 784 3160 lineam,
809 3086 847 3144 et
872 3071 1087 3145 divisionem
1114 3071 1259 3144 numeri
1282 3095 1347 3168 per

302 3207 507 3271 nnmerum,
518 3184 625 3280 pauci
640 3197 726 3256 suut
741 3184 891 3279 quinon
907 3185 1129 3280 intelligunt,
1140 3183 1206 3257 sed
1220 3184 1347 3257 viden·

303 3298 401 3371 tibus
419 3298 522 3393 quasi
546 3322 611 3393 per
634 3299 781 3387 nubem,
805 3312 929 3370 utrum
958 3298 1233 3371 accuratissime
1261 3322 1346 3371 con·

302 3411 453 3484 veniant
470 3413 567 3483 inter
583 3435 622 3484 se
640 3435 708 3485 nec
726 3435 785 3499 ne,
804 3436 877 3483 nou
896 3412 984 3483 satis
1003 3421 1158 3484 constat.

352 3523 398 3597 A.
426 3525 505 3598 lmo
524 3548 622 3609 vero,
639 3524 761 3619 potius
783 3524 821 3597 id
846 3524 945 3620 quod
971 3536 1117 3597 constat
1140 3523 1346 3596 nescientes

303 3638 435 3733 eloqui,
459 3651 643 3733 coguntur
666 3663 688 3711 a
708 3663 774 3711 sua
796 3639 959 3734 ipsorum
987 3648 1159 3727 ἅκυρολογίᾳ
1186 3636 1346 3724 veritati,

304 3776 414 3847 qnam
448 3751 640 3823 enuntiare
675 3751 855 3838 nesciunt,
899 3749 1164 3822 contradicere.
1236 3749 1346 3824 Quod

303 3865 467 3958 proxime
486 3863 660 3959 sequitur,
679 3863 845 3935 notione-s
862 3887 984 3935 oroneo
1006 3860 1175 3954 (subaudi
1200 3886 1345 3958 geome-

305 3976 430 4070 tricas)
452 4000 740 4073 quorumcunque
757 3975 811 4047 od
830 3975 980 4047 inuicem
999 3974 1248 4073 quantitatum
1266 3999 1345 4049 ecoe

304 4088 401 4161 inter
419 4113 459 4160 oe
475 4089 730 4186 homogenaea,
747 4101 965 4183 peracutum
988 4102 1056 4177 est,
1082 4089 1174 4161 adeo
1200 4099 1245 4160 ut
1271 4111 1344 4161 uon

304 4200 539 4295 intelligatur.
595 4202 666 4275 Ubi
685 4200 849 4273 definivit
868 4200 1159 4298 homogeneum?

356 4314 631 4408 unusquam.
702 4313 774 4388 Sed
817 4314 991 4387 definiisti
1026 4326 1067 4386 tn
1096 4314 1342 4407 homogeneas
