2946 5010
556 398 611 451 An
632 400 789 453 susan.
1179 387 1247 455 301

106 587 299 686 docunque
316 592 509 689 arripiunt,
523 596 749 690 perturbata.
788 594 944 684 Deinde,
962 618 1071 692 quem
1088 592 1252 668 studium

106 737 259 813 Naturae
273 739 442 816 delectat.
495 743 687 835 Praeterea,
705 745 768 841 qui
781 745 1033 841 experimenta
1050 743 1096 817 de
1118 744 1251 841 quibus

105 889 165 964 hic
182 889 384 977 disseritur,
403 893 480 989 ipse
497 895 609 967 nosti.
662 895 710 969 Et
732 894 902 993 denique,
921 897 1027 992 cujus
1050 894 1192 994 judicio
1220 894 1252 967 si

104 1039 264 1136 placent,
296 1066 319 1115 a
348 1043 683 1118 contradicentium
717 1055 934 1142 contemptu
976 1058 1014 1119 et
1048 1043 1252 1119 maledictis

104 1191 241 1288 possim
258 1193 415 1290 protegi.

156 1342 286 1417 Restat
302 1356 357 1434 ut,
376 1367 477 1416 more
495 1342 740 1430 offerentium,
758 1341 957 1437 adjungam
971 1341 1149 1415 oblationi
1165 1365 1252 1440 pre-

105 1493 243 1567 culam:
270 1518 414 1590 nempe,
441 1508 486 1566 ut
510 1493 669 1567 lectione
703 1491 849 1588 dignari
871 1492 962 1564 velis
992 1492 1141 1565 brevem
1168 1515 1252 1588 quae

105 1647 270 1744 sequitur
288 1644 518 1744 Apologicm
544 1669 612 1741 pro
630 1644 726 1719 libro
744 1667 840 1733 meo,
858 1666 967 1740 quem
984 1642 1030 1716 de
1049 1643 1253 1739 Republica

105 1820 273 1872 sermone
290 1796 409 1892 patrio
437 1796 615 1893 scripturn
645 1795 826 1892 appellavi
855 1814 1111 1867 nuvrnrnnu.
1164 1794 1252 1868 Non

103 1959 226 2022 tamen
243 1960 285 2020 ut
302 1946 484 2043 apologiae
500 1946 756 2042 qualicunque,
774 1944 841 2018 sed
857 1943 1059 2017 Amnestiae
1086 1945 1250 2040 generali

105 2097 289 2173 confidere
319 2096 513 2170 consilium
544 2097 634 2170 mihi
659 2097 717 2170 sit.
772 2095 852 2169 Nec
879 2108 923 2169 ut
946 2119 1005 2168 me
1034 2119 1108 2168 non
1139 2094 1252 2170 modo

104 2247 223 2336 venia,
240 2246 307 2320 sed
319 2246 432 2320 etiam
443 2247 564 2342 gratia
578 2258 644 2319 tua
658 2248 733 2343 jam
747 2256 926 2334 utentem,
937 2256 977 2318 et
994 2244 1175 2319 beneficio
1186 2258 1252 2319 tuo

104 2396 312 2493 gratissimo
342 2407 527 2485 ornatum,
561 2394 660 2491 apud
687 2396 924 2492 Maiestatem
958 2405 1060 2468 tuam
1093 2418 1252 2491 purgare

104 2568 254 2625 necesse
283 2544 462 2617 habeam:
493 2543 558 2618 sed
583 2556 638 2634 ut,
670 2568 798 2618 eorum
829 2567 942 2618 causa
970 2544 1034 2641 qui
1064 2543 1252 2618 malevolis

105 2696 196 2769 meis
213 2707 351 2769 temere
370 2694 560 2768 credentes
588 2695 695 2768 aliter
725 2693 771 2768 de
799 2719 858 2768 me
885 2719 995 2791 qnam
1022 2720 1169 2794 aequum
1196 2708 1253 2770 est

105 2844 279 2932 sentiunt,
298 2843 519 2916 senteutiam
538 2867 657 2916 meam
679 2842 929 2918 duriusculum
951 2846 1098 2942 publice
1114 2847 1252 2944 possim

104 2995 370 3092 aliquantulum
388 2994 563 3068 emollire.

154 3146 288 3234 Primo,
307 3145 442 3241 dogma
458 3145 510 3219 ibi
528 3144 628 3242 quod
646 3146 902 3243 theologorum
928 3150 1124 3224 sententiae
1150 3174 1249 3225 com-

105 3298 207 3371 muni
234 3299 461 3373 contrarium
489 3297 550 3386 sit,
578 3297 720 3370 nullum
750 3296 889 3370 directe
920 3299 1086 3373 affirmo:
1113 3299 1191 3390 sed,
1208 3312 1251 3374 ut

105 3448 254 3538 diffisus,
272 3448 418 3521 illorum
429 3448 586 3521 decretis
599 3446 743 3520 disertis
753 3445 876 3519 verbis
891 3448 1081 3538 submitto,
1094 3473 1249 3544 quorum

105 3612 160 3673 est
190 3600 228 3673 in
258 3599 422 3673 Ecclesia
450 3596 614 3693 regenda
643 3620 785 3669 summa
814 3597 1031 3671 authoritas.
1094 3597 1250 3688 Deinde,

104 3762 297 3846 postquam
315 3748 489 3822 Ecclesiae
506 3746 710 3820 authoritas
729 3748 899 3820 restituta
912 3761 1025 3820 esset:
1053 3771 1138 3821 nam
1162 3747 1251 3823 dum

105 3901 184 3974 haec
216 3901 432 3988 scribebam,
459 3900 634 3972 Ecclesiae
663 3899 879 3993 Anglicanae
910 3900 1074 3994 regimen
1109 3900 1251 3974 nullum

105 4067 196 4142 erat,
228 4053 292 4126 sed
322 4053 571 4148 unusquisque
602 4050 774 4149 quicquid
806 4051 922 4124 voluit
956 4051 1070 4125 libere
1105 4053 1251 4149 scripsit

104 4202 314 4298 ediditque:
341 4225 461 4296 neque
489 4201 626 4296 scripto
658 4223 777 4296 neque
807 4200 990 4296 colloquio
1008 4201 1070 4274 illa
1087 4225 1249 4298 unquam

105 4349 263 4425 defendi.
