2946 5010
463 452 515 503 nn
536 454 705 508 narona
725 455 861 509 annm.
1104 441 1177 521 279

188 613 237 687 A.
265 614 338 688 Sed
356 615 480 691 dixisti
497 619 607 693 modo
625 621 748 716 ignem
773 645 851 696 esse
873 623 992 719 ignita
1008 647 1175 720 corpora.

138 726 266 824 Itaque
283 753 350 825 per
367 729 490 826 ignem
508 732 681 830 intelligis
698 758 857 831 corpora
883 760 966 832 quae
995 736 1034 809 in
1062 736 1176 834 ligno,

135 840 194 912 vel
210 839 283 914 alia
295 844 460 934 materia,
472 844 716 919 candescente
727 859 765 919 et
776 847 1012 922 calefaciente
1026 850 1176 926 candes·

136 965 227 1025 cunt
252 966 289 1027 et
314 956 556 1030 calefaciunt:
583 957 637 1031 ita
656 969 697 1031 ut
727 959 822 1055 ignis
846 984 920 1034 non
946 961 1085 1035 sitnisi
1113 964 1178 1061 qui

136 1089 269 1163 corpus
286 1067 333 1140 sit
350 1069 437 1142 etin
455 1070 540 1166 igne
557 1069 642 1158 alio,
661 1072 724 1167 qui
740 1095 865 1146 rursus
880 1073 928 1146 sit
945 1073 983 1146 in
1000 1074 1086 1171 igne
1103 1087 1175 1150 ter·

134 1177 198 1268 tio,
217 1192 254 1253 et
272 1180 323 1254 sic
337 1182 375 1254 in
389 1182 583 1256 infinitum.
620 1185 668 1257 Et
685 1196 891 1281 propterea,
903 1186 1028 1283 ignem
1042 1212 1176 1286 corpus

135 1314 214 1365 esse
242 1318 264 1366 a
291 1320 443 1392 corpore
470 1298 589 1394 ignito
620 1296 816 1387 diversum,
844 1298 945 1372 dictu
975 1300 1176 1376 absurdum

134 1419 202 1480 est.
254 1408 350 1483 Dum
369 1412 563 1507 quaerimus
581 1435 669 1508 ergo
688 1411 775 1508 quid
793 1412 840 1485 sit
858 1412 964 1509 ignia,
982 1437 1058 1488 non
1075 1413 1177 1489 aliud

134 1526 331 1620 quaerimus
361 1552 470 1625 quam
498 1552 657 1618 causam,
688 1552 800 1625 quare
833 1528 988 1626 lignum,
1011 1530 1069 1604 vel
1103 1529 1176 1604 alia

134 1639 299 1728 materia,
317 1640 415 1715 lucet
433 1653 471 1715 et
485 1641 674 1714 calefacit:
693 1640 731 1714 id
749 1652 816 1730 est,
833 1665 960 1715 causas
977 1641 1175 1737 quaerimus

134 1750 224 1825 lueis
254 1765 291 1826 et
318 1754 463 1844 caloris,
491 1756 549 1829 vel
576 1755 699 1850 potius
727 1756 905 1828 sensionis
934 1766 1082 1844 nostrae,
1101 1779 1175 1853 qua

133 1864 252 1938 lucem
270 1879 307 1939 et
324 1867 483 1940 calorem
501 1867 733 1965 percipimus

185 1977 233 2050 B.
261 1979 397 2074 Negari
412 1980 482 2053 hoc
499 1979 664 2077 profecto
683 2004 758 2053 non
771 1991 904 2077 potest.
940 1978 1013 2053 Sed
1026 1979 1118 2053 lucis
1136 1991 1174 2054 et

133 2090 263 2164 caloris
281 2115 400 2166 causae
413 2117 509 2165 verae
528 2117 697 2189 quaenam
714 2092 825 2166 sunt?

181 2203 231 2277 A.
259 2204 335 2279 lllae
365 2206 453 2302 ipsae
477 2230 567 2303 quas
594 2207 633 2278 in
660 2206 754 2279 libro
786 2227 840 2278 nn
869 2226 1073 2293 consona,
1092 2229 1173 2301 cap.

132 2317 242 2406 xxvii,
268 2319 314 2391 ab
344 2318 604 2416 hypothesibus
631 2320 717 2409 suis,
748 2317 921 2392 methodo
945 2317 1174 2392 demonstra·

133 2431 220 2520 tiva,
238 2455 313 2505 non
332 2434 487 2507 obscure
506 2433 684 2507 derivavit
703 2433 896 2515 Hobbius;
923 2456 1086 2529 quasque
1111 2432 1173 2506 hic

135 2545 235 2641 (quia
263 2546 355 2619 liber
380 2550 497 2640 extat)
527 2546 706 2620 deducere
731 2570 807 2619 non
832 2559 889 2619 est
915 2546 1171 2620 necessarium.

132 2658 295 2731 Sufficiat
313 2660 411 2756 quod
430 2661 538 2734 modo
556 2673 593 2735 te
612 2661 731 2748 docui,
760 2661 883 2756 ignem
913 2683 986 2733 non
1017 2683 1096 2733 esse
1125 2660 1171 2733 ab

131 2770 247 2865 ignito
278 2797 430 2870 corpore
458 2774 652 2848 diversum.
712 2773 812 2848 Quid
829 2787 952 2847 autem
972 2774 1016 2846 de
1035 2774 1172 2870 frigore

130 2895 168 2955 et
189 2885 307 2980 glacie
337 2888 538 2984 opinamini
568 2888 659 2961 vos?
723 2887 821 2960 Num
848 2888 959 2960 etiam
988 2887 1104 2984 frigus
1134 2897 1172 2962 et

128 2997 284 3091 glaciem
301 3001 519 3097 corpuscula
535 3002 673 3097 putatis
690 3000 822 3097 frigida
841 3012 878 3074 et
894 3000 1063 3096 glacialia
1079 3024 1170 3091 esse,

129 3110 166 3182 in
184 3114 338 3186 materia
355 3114 490 3211 frigida
506 3128 544 3189 et
561 3113 733 3211 glaciali?

177 3225 224 3297 B.
251 3226 307 3299 De
335 3229 453 3302 causis
482 3229 628 3325 frigoris
655 3239 693 3301 et
716 3225 848 3324 glaciei
882 3224 1047 3298 nondum
1077 3223 1170 3297 certi

127 3337 263 3434 aliquid
287 3340 504 3414 invenimus.
558 3339 668 3416 Quod
698 3351 822 3412 autem
849 3361 945 3434 aqua
966 3337 1053 3410 dum
1081 3359 1170 3409 con·

125 3451 271 3546 gelatur
287 3454 423 3539 rarefit,
442 3453 669 3550 experientia
679 3451 885 3525 didicimus.

176 3565 225 3638 A.
253 3566 419 3638 Rarefitl
483 3566 569 3638 Non
603 3564 780 3659 intelligo.
846 3560 1034 3659 Siquidem
1069 3559 1168 3634 enim

125 3675 279 3749 eandem
315 3701 467 3750 numero
502 3701 634 3774 aquam
667 3677 843 3771 majorem
882 3674 981 3747 dicas
1015 3673 1167 3768 implere

124 3787 246 3861 locum
264 3791 492 3886 congelatam
511 3815 621 3888 qnam
644 3812 720 3862 non
747 3787 991 3884 congelatam,
1006 3785 1044 3858 id
1075 3784 1167 3858 dicis

124 3901 224 3997 quod
257 3903 380 3976 animo
414 3905 608 4000 concipere
642 3924 830 3997 uunquam
863 3899 1011 3996 poteris.
1069 3898 1166 3971 Nam

123 4013 221 4086 idem
238 4039 391 4088 numero
409 4040 542 4112 corpus
559 4014 714 4088 eandem
742 4035 887 4108 semper
911 4012 1023 4084 habet
1049 4034 1166 4107 quan-

122 4125 278 4215 titatem,
296 4127 482 4216 nimirum,
496 4128 577 4199 loco
589 4151 698 4223 quem
709 4125 848 4222 implet,
862 4123 930 4197 sub
945 4146 1166 4221 quacunque

121 4239 250 4335 figura,
270 4264 413 4337 semper
441 4240 630 4336 aequalem.
683 4239 748 4313 Sin
775 4237 869 4311 aeris
897 4236 1096 4333 particulas
1125 4235 1166 4311 iu

121 4376 254 4448 aquam
265 4354 361 4428 inter
372 4352 640 4450 congelandum
651 4352 833 4449 ingressas
847 4349 954 4425 simul
966 4373 1165 4448 cumaqua,
