2946 5010
464 422 744 476 Pnonnnuuru
762 420 954 475 carmos.
1155 407 1229 474 35³

187 588 375 678 terminos,
393 589 463 663 etsi
480 590 574 663 alter
586 590 742 664 alterum
758 613 834 663 non
847 596 1063 677 removeret,
1073 597 1229 686 uterque
1273 614 1341 656 om.
1356 614 1410 658 vn.

187 714 311 775 tamen
325 702 507 776 inveniret
520 704 558 775 in
570 704 689 800 seipso
700 701 945 801 aptitudinem
959 701 1230 798 setismagnam
1243 683 1417 800 1),ss

187 814 454 903 retrocedendi,
472 826 584 911 atque
602 816 711 888 etiam
726 813 949 912 reprimendi
961 813 1135 911 quicquid
1152 837 1230 888 oor·
1242 806 1387 866 ‘mlum’
1400 811 1444 852 ’ω’

187 928 287 1022 poris
319 952 341 999 a
370 940 477 1024 tergo
505 939 571 1001 est.
624 928 723 1002 Talis
751 940 808 1001 est
836 940 970 1000 notura
993 927 1229 1016 reflectionis,

188 1053 365 1136 quantum
386 1042 520 1115 attinet
548 1043 596 1116 ad
619 1043 755 1116 lumen.
806 1042 889 1115 Jam
915 1040 946 1113 si
972 1039 1066 1114 redii
1094 1039 1230 1114 solares

188 1155 335 1250 oblique
353 1155 530 1244 incidunt,
548 1159 645 1229 actio
665 1168 786 1230 tamen
806 1168 861 1229 est
878 1154 927 1228 ad
943 1154 1174 1250 superficiem
1191 1154 1231 1227 in

188 1291 298 1365 quam
312 1268 480 1342 incidunt
496 1269 822 1367 perpendicularis.
867 1268 997 1363 Itaque
1015 1267 1136 1364 paries
1153 1267 1231 1341 sire

189 1404 322 1476 corpus
353 1382 597 1477 quodcunque
626 1383 830 1469 reflectens,
855 1380 1058 1455 resistendo
1087 1390 1231 1454 motum

188 1493 292 1567 illum
314 1495 528 1568 retrovertit
548 1493 913 1591 perpendiculariter,
936 1504 978 1567 ut
999 1493 1047 1567 ub
1069 1491 1162 1568 Fad
1178 1493 1230 1567 E:

189 1609 255 1682 sed
271 1633 294 1682 a
310 1608 347 1681 vi
371 1633 454 1705 quae
472 1621 528 1683 est
550 1611 590 1682 in
612 1610 787 1707 perallela
807 1633 874 1707 per
892 1611 981 1700 EH,
1001 1609 1088 1707 quia
1109 1621 1231 1684 motus

189 1724 250 1795 ille
267 1723 447 1819 parietem
463 1747 540 1796 non
555 1724 702 1819 premit,
720 1724 813 1797 nihil
834 1722 968 1797 aufert.
1019 1723 1142 1820 Atque
1159 1722 1231 1797 hoo

190 1848 298 1933 pacto
317 1835 390 1908 duo
407 1836 460 1908 illi
483 1847 616 1925 motus,
634 1859 790 1933 quornm
810 1836 905 1909 ulter
926 1846 982 1908 est
1002 1836 1049 1909 ub
1072 1837 1101 1907 F
1122 1836 1170 1908 ad
1186 1836 1230 1926 u,

190 1949 282 2021 alter
298 1948 344 2021 ab
362 1950 393 2021 E
411 1947 458 2021 ad
477 1950 526 2035 H,
545 1960 772 2046 componunt
787 1974 902 2023 unum
920 1959 1061 2023 motum
1077 1950 1116 2023 in
1129 1959 1232 2023 recta

190 2062 278 2150 GH,
297 2061 379 2158 quae
395 2061 485 2135 facit
507 2064 683 2159 ungulum
707 2087 793 2138 oum
812 2062 881 2136 BG
898 2062 1075 2161 aequalem
1093 2063 1230 2160 angulo

190 2174 399 2248 incidentiae
417 2176 530 2249 FGE.

242 2288 317 2361 Sed
332 2289 371 2361 in
389 2290 637 2384 percussione,
656 2290 773 2385 qualis
787 2302 842 2363 est
859 2303 982 2364 motus
997 2290 1083 2387 pilae
1101 2299 1232 2364 contre

192 2401 385 2496 parietem,
405 2403 693 2500 quamprimum
717 2402 793 2498 pila
815 2403 1072 2499 repercutitur,
1089 2415 1234 2500 partem

191 2515 395 2588 velocitatis
425 2539 500 2589 suae
529 2517 678 2602 amittit,
707 2528 908 2613 vergetque
930 2518 979 2590 ed
1004 2529 1140 2590 terram
1165 2539 1233 2590 suo

190 2626 364 2723 pondere.
417 2628 475 2702 lte
491 2641 532 2702 ut
555 2628 682 2724 auguli
700 2652 791 2724 quos
807 2628 947 2702 faciunt
975 2630 1178 2704 incidentes
1195 2639 1234 2702 et

192 2742 408 2838 repercussi,
433 2742 591 2839 aequales
615 2765 694 2815 esse
720 2767 795 2816 non
820 2744 973 2840 possint,
992 2745 1063 2817 nisi
1087 2766 1234 2817 mensu-

191 2866 319 2927 rentur
347 2878 463 2951 prope
492 2869 672 2952 punctum
702 2855 853 2952 perietis
880 2857 918 2928 in
946 2879 1020 2952 quo
1049 2856 1151 2930 facta
1177 2865 1234 2930 est

191 2967 388 3063 percussio.

242 3079 291 3152 Α.
319 3080 359 3152 Si
376 3079 501 3152 tabula
518 3080 681 3175 erigetur
700 3082 976 3177 superplenum
995 3081 1155 3177 aliquod,
1166 3082 1235 3156 etsi

194 3192 301 3286 dejici
331 3191 438 3264 facile
465 3207 589 3287 potest
619 3192 730 3265 etiam
755 3193 878 3266 aeolo
909 3193 1026 3289 digito
1054 3195 1235 3289 pressus&

193 3305 400 3399 pilatamen
418 3329 441 3377 a
458 3296 666 3400 musquetto
680 3328 760 3377 eom
775 3329 850 3378 non
870 3305 1018 3401 dejiciet
1035 3306 1100 3378 sed
1116 3317 1236 3379 trans·

194 3417 333 3512 adiget.
387 3418 509 3491 Quam
528 3420 574 3491 ob
593 3417 766 3489 oausam?

245 3530 294 3603 B.
322 3531 420 3602 Dum
438 3530 601 3603 tabulam
629 3530 745 3626 digito
770 3530 899 3625 dejicis
928 3542 1073 3628 tempus
1101 3554 1234 3604 oonsu-

196 3644 318 3731 mitnr,
338 3644 425 3716 dum
443 3657 577 3731 motus,
597 3666 705 3738 quem
732 3645 830 3739 parti
854 3644 1031 3739 imprimis
1049 3668 1158 3741 quam
1181 3643 1237 3716 di·

195 3759 274 3852 gito
294 3757 427 3852 tangis,
447 3758 591 3829 oaeteris
609 3756 775 3853 partibus
789 3758 958 3831 omnibus
975 3758 1237 3831 communicari

195 3870 323 3964 possit.
375 3869 523 3965 Alioqui
541 3870 640 3942 enim
658 3891 732 3942 non
749 3867 965 3965 dejicietur:
985 3883 1106 3945 totum
1124 3870 1235 3961 enirn,

196 3983 266 4054 nisi
300 3983 470 4055 omnibus
505 3983 671 4076 partibus
702 3983 822 4070 motis
854 3983 962 4079 dejici
993 4009 1069 4057 non
1101 3994 1237 4082 potest.

197 4096 283 4169 Pilae
300 4108 424 4169 autem
441 4097 627 4192 percussio
645 4109 750 4169 tanta
765 4098 808 4169 fit
822 4097 1020 4188 celeritate,
1033 4110 1077 4172 ut
1093 4109 1237 4195 partem

518 4348 534 4380 ⁴
555 4348 605 4410 Sic
618 4349 688 4408 edit.
705 4351 782 4408 1662
796 4359 827 4409 et
844 4353 929 4410 1668.

299 4465 392 4518 VOL.
413 4465 469 4516 lv.
1067 4468 1092 4518 A
1111 4468 1137 4518 A
