2946 5010
334 451 649 504 marnnuamcm
671 450 916 502 naumurum.
1089 438 1159 504 159

118 621 192 693 sius
210 620 386 693 autemid
403 621 586 716 negando,
603 621 814 717 imperitum
834 643 873 691 se
901 618 1063 691 ostendit
1089 619 1155 691 lin·
1192 646 1345 688 nameus

118 758 201 828 guae
219 734 367 819 Graecae‚
381 735 492 807 etiam
511 736 590 829 ejus
608 758 680 830 qna
706 745 862 806 utuntur
889 745 1099 827 geometrae,
1117 744 1160 805 ut
1205 728 1346 830 L

119 848 157 919 in
175 847 296 919 verbis
321 849 367 920 ab
390 849 470 943 ipso
494 848 657 920 recitatis
680 847 914 919 manifestum
941 857 1006 933 est,
1024 863 1055 916 oo
1082 861 1160 932 λέγει

121 963 161 1017 <iri
178 958 224 1018 dio
245 963 327 1034 λόγοι
344 968 391 1019 τοῦ
413 960 473 1026 ἑνὸς
498 960 634 1021 διπλάσιοι
656 960 720 1030 εἰσὶ,
742 962 785 1017 καὶ
800 968 879 1019 τοῦτο
891 983 947 1034 μεν
974 960 1057 1037 γὰο*
1085 963 1164 1019 ἀλλα

121 1081 162 1136 riri
177 1082 192 1135 ὁ
205 1080 293 1151 λόγος
307 1081 322 1137 ὁ
336 1081 364 1137 ἐκ
377 1089 431 1136 τῶν
443 1078 489 1137 diro
504 1078 657 1137 διπλασίων
671 1079 729 1136 tel:
748 1065 786 1138 ld
797 1080 865 1155 est,
879 1090 949 1138 tlon
962 1065 1056 1138 dicit
1069 1065 1164 1138 dicad

121 1178 289 1250 rationes
307 1179 413 1251 unius
428 1203 510 1251 ense
527 1177 677 1274 duplos,
696 1178 797 1275 quod
811 1189 933 1251 tamen
952 1189 1009 1251 est
1026 1202 1163 1268 oerum,

123 1290 193 1363 sed
207 1291 386 1363 rationem
413 1315 459 1363 ex
490 1290 635 1363 duabus
665 1290 903 1389 compositam
933 1315 1016 1363 esse
1039 1289 1165 1388 dupli-

125 1414 257 1477 catam.

177 1517 227 1589 B.
254 1517 339 1588 Non
358 1516 474 1611 capio.
525 1515 666 1588 Vellem
683 1516 869 1612 professor
891 1528 1017 1589 noster
1044 1525 1168 1590 osten-

67 1709 71 1717 ,
127 1630 242 1703 disset
257 1653 370 1723 quare
388 1628 471 1702 duae
489 1629 649 1702 rationes
666 1630 825 1725 aequales
853 1630 1064 1726 compositae
1092 1654 1168 1702 non

127 1744 268 1816 faciunt
286 1742 467 1814 rationem
490 1742 599 1814 nnius
628 1741 789 1837 duplam,
807 1755 845 1816 et
873 1766 986 1839 quare
1017 1743 1170 1838 duplum

129 1856 250 1952 simpli
262 1880 336 1927 non
355 1856 403 1927 sit
418 1855 583 1951 ejusdem
600 1855 721 1951 simpli
740 1855 977 1952 duplicatum.

180 1970 228 2042 Α.
257 1968 331 2042 Sed
349 1970 479 2043 harum
496 1992 628 2041 vocum
660 1968 773 2041 alium
800 1992 945 2042 sensum
975 1993 1052 2042 esse
1081 1968 1170 2042 dicit

130 2083 228 2179 apud
245 2083 536 2156 mathematicos

182 2197 231 2269 B.
261 2195 395 2269 Credo.

181 2309 229 2381 Α.
256 2309 305 2381 Et
319 2333 400 2404 ego,
416 2309 485 2381 etsi
502 2333 577 2381 non
592 2333 747 2404 semper,
765 2320 889 2383 tamen
906 2312 1106 2407 saepissime
1121 2311 1174 2384 ita

133 2446 224 2496 esse.
277 2422 319 2494 Id
334 2420 433 2518 quod
455 2446 500 2494 ex
522 2447 565 2495 eo
584 2423 750 2517 contigit,
775 2423 886 2519 quod,
904 2438 947 2496 ut
975 2424 1050 2497 dixi
1077 2437 1174 2512 ante,

132 2559 208 2607 nou
224 2535 305 2607 ausi
323 2546 407 2607 sunt
424 2535 604 2607 rationem
622 2535 773 2607 minoris
788 2535 836 2608 ad
853 2536 1009 2609 mediam
1024 2537 1174 2634 duplam

132 2671 211 2720 esse
232 2647 353 2719 dicere
371 2647 525 2719 rationis
543 2647 704 2741 ejusdem
725 2648 876 2722 minoris
890 2650 938 2723 ad
965 2651 1174 2725 maximam.

135 2762 229 2835 Quae
263 2772 385 2832 tamen
421 2759 674 2855 magnitudine
709 2760 820 2857 dupla
851 2774 919 2852 est,
952 2788 1174 2860 quamquam

133 2898 287 2947 numero
313 2873 495 2946 rationum
528 2873 702 2958 dimidia;
729 2889 771 2947 nt
797 2877 890 2948 ratio
915 2886 928 2948 l
951 2876 1038 2951 ad2
1065 2877 1177 2974 dupla

134 3001 192 3060 est
215 2987 367 3059 rationis
390 2996 402 3058 l
427 2985 514 3058 adl
546 2988 761 3082 quantitate,
780 2989 848 3060 etsi
875 3004 1015 3077 contra,
1039 2990 1133 3063 ratio
1157 3000 1171 3063 l

135 3100 222 3174 adl
244 3100 355 3195 dupla
377 3101 436 3188 sit,
455 3101 485 3172 si
513 3112 657 3196 spectes
682 3102 867 3174 rationum
896 3127 1111 3176 numerum:
1139 3103 1177 3176 id

137 3214 236 3310 qnod
249 3238 345 3309 saepe
363 3214 452 3286 alias
470 3214 557 3300 dixi,
576 3214 759 3302 nimirum,
773 3215 810 3287 in
828 3217 1030 3290 rationibus
1058 3216 1177 3289 mino-

137 3328 188 3401 ris
205 3327 253 3400 ad
278 3329 466 3423 majorem,
486 3352 568 3423 quae
586 3340 672 3399 sunt
696 3328 855 3401 rationes
888 3330 1064 3417 defectus,
1083 3330 1177 3402 mul-

136 3440 318 3536 tiplicatio
354 3443 539 3513 rationum
575 3440 818 3535 quantitatem
848 3442 999 3515 rationis
1034 3442 1177 3529 minuit,

139 3553 269 3628 divisio
294 3566 415 3649 auget.
468 3552 621 3639 Deinde,
636 3552 736 3646 quod
750 3553 981 3648 Meybomins
1004 3554 1104 3644 dioit,
1134 3555 1180 3628 Si

137 3667 322 3743 rationum
339 3664 559 3762 magnitudo
570 3665 622 3736 eit
633 3663 880 3760 exploranda,
896 3666 966 3739 illa
980 3670 1099 3762 major
1109 3678 1178 3758 est,

139 3781 246 3874 eujus
265 3778 410 3850 termini
438 3777 587 3874 longius
605 3777 929 3867 interemerant,
954 3780 1085 3852 falsum
1103 3793 1179 3854 est:

138 3918 226 3967 nam
251 3902 263 3964 l
287 3892 369 3965 ad2
391 3892 568 3986 majorem
581 3891 692 3963 habet
703 3892 884 3964 rationem
903 3917 1011 3988 qnam
1032 3904 1045 3966 l
1068 3894 1115 3967 ad
1134 3905 1180 3978 43

138 4031 227 4080 cnm
242 4019 364 4078 tamen
383 4004 530 4078 termini
554 4013 658 4077 let4
683 4003 829 4099 longius
853 4006 950 4077 inter
975 4030 1014 4079 se
1044 4007 1183 4081 distent

139 4145 253 4216 quam
278 4129 290 4191 l
315 4132 351 4191 et
376 4129 410 4192 2.
465 4117 574 4191 Quod
601 4119 711 4189 etiam
726 4118 819 4190 vidit
837 4119 1034 4192 wallisius,
1087 4122 1184 4193 Rur-

455 4369 470 4404 ’
496 4363 544 4421 Sic
559 4363 637 4421 Edit.
657 4368 733 4422 1660
747 4375 776 4424 et
793 4368 878 4424 1668.
