2946 5010
366 384 679 439 unrnuunrrcn
700 386 943 439 nonrnnnrs.
1096 376 1168 441 225

129 573 273 645 nempe,
298 548 395 623 latus
413 551 592 647 quadrati,
611 550 711 647 quod
727 552 947 648 quadratum
964 552 1103 648 aequale
1122 555 1170 627 sit
1209 582 1358 623 rimosus

130 662 255 736 decem
283 664 470 759 quadratis
493 689 515 738 a
538 678 669 761 quarta
693 676 798 760 parte
824 666 1004 755 diametri,
1029 667 1171 763 aequale
1210 664 1354 768 „L

127 778 177 849 sit
203 779 303 851 arcui
331 778 556 875 quadrantis,
591 790 720 853 contra
748 780 1032 854 Archimedem:
1069 780 1169 876 quod

128 914 254 964 arcum
287 891 347 964 vel
381 893 555 988 angulum
586 891 717 965 dividis
747 892 992 967 iurationem
1019 892 1167 967 datam:

128 1004 227 1101 quod
245 1016 410 1078 centrum
433 1006 625 1101 gravitatis
652 1005 873 1079 semicirculi
895 1018 1039 1079 tantum
1058 1006 1169 1080 distat

127 1142 150 1190 a
172 1130 299 1192 centro
317 1117 455 1207 circuli,
475 1129 613 1214 quanta
637 1131 694 1192 est
706 1116 852 1211 {arcus
870 1119 1032 1215 ejusdem
1061 1120 1169 1192 semi-

128 1232 278 1304 circuli:
297 1255 420 1305 nonne
436 1232 516 1304 haec
534 1244 599 1304 tua
615 1244 653 1305 et
667 1231 864 1306 Hobbiana
879 1232 1066 1329 paradoxa
1082 1244 1170 1306 sunt

127 1345 378 1439 geometrica?

176 1457 212 1529 Α
218 1514 226 1530 .
254 1458 349 1531 Sunt
367 1457 515 1555 quidem
528 1458 738 1555 paradoxa3
764 1459 856 1531 nihil
870 1470 992 1531 tamen
1011 1459 1167 1556 impedit

127 1594 199 1667 quo
217 1571 339 1644 miuus
356 1595 444 1644 vera
461 1572 545 1644 sint.
597 1573 645 1644 Et
661 1571 816 1645 fortasse
834 1572 873 1644 in
901 1574 1021 1660 rebus,
1041 1574 1167 1668 quales

126 1697 212 1759 sunt
227 1685 296 1774 hae,
318 1685 578 1781 speculationis
590 1685 778 1780 ahquanto
792 1685 1050 1781 profundioris
1075 1687 1167 1760 nihil

126 1809 203 1870 tam
219 1798 447 1894 parodoxum
466 1809 523 1871 est
541 1821 650 1894 quam
668 1799 749 1893 ipsa
765 1798 912 1871 veritas.

178 1912 226 1984 B.
254 1911 482 1985 Paradoxum
501 1935 646 2008 quoque
663 1923 730 2001 est,
748 1912 848 2007 quod
878 1911 1044 2008 regulam
1066 1912 1166 2008 alge-

125 2026 214 2113 brae,
249 2025 288 2097 id
322 2038 379 2098 est
415 2024 654 2098 delicatorum
698 2024 888 2098 hominum
925 2024 1166 2120 geometriam

127 2149 253 2226 totam,
271 2139 309 2211 in
327 2139 454 2234 figuris
472 2138 680 2211 curvilineis
693 2162 823 2233 parum
841 2148 905 2210 aut
924 2137 1017 2210 nihil
1043 2137 1165 2211 valere

126 2251 227 2325 dicis.

175 2364 223 2436 A.
251 2365 294 2436 ln
312 2366 458 2461 scriptis
476 2365 709 2461 geometricis
734 2364 887 2437 aliorum
913 2361 1015 2435 nulla
1044 2360 1164 2434 credis

126 2501 204 2550 csse
231 2477 443 2574 paradoxa?
497 2478 632 2565 Primo,
660 2478 794 2550 lineam
826 2474 1059 2548 latitudinem
1090 2498 1166 2547 non

124 2591 272 2674 habere,
286 2603 323 2662 et
340 2603 464 2664 tamen
483 2591 568 2664 duci
594 2589 728 2686 posse?
790 2587 973 2676 Secundo,
990 2588 1165 2684 angulum

124 2705 274 2799 planum
292 2728 370 2776 esse
385 2705 661 2778 inclinationem
678 2727 787 2800 quam
805 2704 943 2777 habent
961 2702 1043 2775 duae
1059 2701 1166 2775 lincae

126 2828 397 2904 concurrentes,
418 2818 554 2912 inipso
577 2829 717 2913 puncto
749 2814 974 2890 concursus?
1024 2815 1165 2905 Tertio,

123 2952 231 3025 posse
249 2930 398 3001 transiri
415 2953 436 3001 a
450 2930 589 3025 majore
606 2930 655 3003 ad
672 2931 792 3002 minus
809 2952 875 3026 per
892 2929 1015 3002 omnia
1032 2927 1165 3013 media,

123 3066 190 3115 nec
202 3055 325 3115 tamen
342 3065 408 3137 per
425 3042 589 3139 aequale?
625 3043 781 3131 Quarto,
800 3042 1028 3138 duplicatum
1045 3042 1164 3114 minus

124 3180 201 3229 esse
219 3180 328 3251 quam
341 3155 539 3250 simplum?

172 3268 219 3341 B.
248 3270 364 3364 Cujus
382 3270 452 3342 hoc
466 3271 514 3343 sit
530 3293 605 3341 non
625 3269 786 3341 memini.

172 3383 208 3455 Α
213 3440 221 3455 .
249 3384 383 3456 Nonne
401 3406 527 3455 omnes
544 3383 728 3454 affirmant
740 3380 932 3453 iuratione
949 3377 1101 3450 minoris
1115 3377 1163 3449 ad

124 3499 239 3592 majus
267 3495 466 3591 duplicata,
494 3494 652 3590 exempli
681 3517 803 3581 causa,
833 3493 872 3564 in
900 3490 958 3563 his
988 3490 1162 3562 continue

122 3608 457 3705 proportionalibus
480 3617 597 3696 1,2,4,
616 3608 797 3679 rationem
820 3615 834 3679 l
866 3604 915 3677 cd
944 3613 966 3675 4
999 3602 1161 3698 duplica-

121 3737 197 3796 tam
233 3746 312 3795 esse
346 3722 500 3795 rationis
541 3728 553 3791 l
586 3717 634 3791 ad
668 3729 716 3801 2;
753 3717 864 3790 iidem
906 3727 1042 3803 tamen,
1078 3738 1162 3787 cum

121 3835 272 3908 Euclide
290 3835 420 3925 (Elem.
438 3859 475 3905 v.
492 3856 597 3928 prop.
624 3834 679 3925 8),
710 3831 893 3903 rationem
922 3839 936 3902 l
959 3827 1046 3901 ad2
1079 3851 1161 3922 quae

121 3962 177 4022 est
204 3948 347 4043 simpla,
366 3948 542 4043 majorem
566 3969 645 4018 esse
672 3968 782 4041 quam
803 3943 897 4016 ratio
922 3951 934 4014 l
962 3940 1049 4014 adt
1078 3965 1161 4036 quae

121 4075 178 4136 est
196 4059 406 4156 duplicata?

169 4174 216 4247 B.
245 4174 330 4246 Non
345 4187 432 4245 sunt
448 4172 528 4244 haec
544 4171 741 4266 paradoxa.

172 4289 220 4360 Α.
249 4287 350 4361 Quid
367 4310 455 4382 ergo
473 4283 585 4358 sunt?

220 4422 314 4475 VOL.
331 4422 388 4473 lv.
