2946 5010
308 415 357 481 68
525 430 791 484 sxnnnnamo
811 433 863 485 ur
881 432 1125 486 smunnarro

119 619 269 665 ammons
308 606 418 670 netur
434 596 610 670 invenire.
648 598 716 670 llla
732 599 829 670 enim
847 597 1003 692 aequalia
1020 608 1118 687 sunt,
1137 620 1231 693 quae,
1250 599 1352 672 salva

121 702 265 808 „L
308 711 526 807 quantitate,
543 711 641 783 idem
655 712 777 806 capiat
794 711 908 784 locus.
949 710 1023 783 Sed
1040 722 1077 785 et
1094 734 1176 806 quae
1194 712 1351 807 aequalia

307 847 381 896 non
399 835 496 914 sunt,
515 824 612 896 idem
635 825 733 920 capit
753 825 868 897 locus.
922 824 983 897 Sic
1010 825 1108 897 enim
1136 825 1351 899 existimant

305 959 381 1010 non
399 937 509 1010 modo
526 938 725 1025 Wallisius,
743 938 938 1011 sedetiam
958 937 1295 1034 metaphysicorum
1312 949 1351 1011 et

307 1049 611 1123 scholasticorum
628 1051 704 1123 fere
722 1061 801 1123 tota
819 1043 933 1122 natio.

357 1162 406 1236 Α.
436 1164 520 1238 Quo
533 1164 773 1237 fundamento
791 1175 913 1236 autem
932 1163 971 1235 id
987 1161 1148 1258 putant?

356 1277 404 1348 B.
434 1277 601 1375 Corpora
614 1278 743 1351 dicunt
760 1277 888 1349 eadem
907 1276 1103 1349 existentia
1120 1275 1233 1350 modo
1249 1300 1350 1350 rare·

305 1390 397 1479 fieri,
423 1391 534 1464 modo
560 1391 799 1464 condensari:
829 1391 950 1463 minus
974 1400 1095 1464 autem
1116 1413 1208 1479 esse,
1234 1413 1351 1486 quan·

306 1525 417 1598 quam
430 1502 539 1593 idem,
552 1504 818 1577 condensatum
832 1525 976 1597 corpus,
989 1526 1099 1598 quam
1112 1502 1349 1583 rarefactum.

306 1616 402 1689 Fieri
419 1616 544 1713 itaque
561 1630 684 1714 potest
701 1628 743 1690 ut
761 1616 835 1689 duo
855 1639 1010 1711 corpora
1027 1615 1236 1713 inaequalia,
1260 1641 1350 1713 quo·

306 1751 389 1803 rum
406 1753 521 1802 unum
537 1731 584 1802 sit
601 1729 730 1825 magis,
747 1729 904 1802 alterum
926 1728 1048 1801 minus
1068 1727 1349 1819 condensatum,

306 1843 346 1916 in
364 1841 493 1917 eodem
511 1843 593 1916 loco
611 1843 685 1916 sint
702 1842 917 1915 successive.

308 2016 311 2022 .
358 1957 407 2031 A.
434 1956 569 2031 Nonne
586 1957 687 2030 locus
705 1956 826 2029 locato
850 1976 1055 2049 congruere
1074 1955 1349 2029 accuratissime

307 2069 469 2144 dicitur?
522 2071 655 2144 Nonne
673 2069 843 2142 Euclides
861 2067 1016 2163 aqualia
1032 2088 1112 2138 esse
1130 2065 1233 2155 dicit,
1253 2092 1348 2165 quae·

306 2208 452 2282 cunque
470 2184 539 2258 sibi
557 2183 795 2280 congruunt?

357 2297 405 2371 B.
431 2298 498 2371 Est
515 2298 661 2370 axioma
678 2307 849 2368 octavum
866 2293 1048 2367 Elementi
1064 2293 1185 2388 primi.

357 2410 408 2486 A.
436 2411 621 2485 Quoniam
639 2409 753 2503 igitur
771 2431 904 2504 corpus
926 2417 1126 2503 utrumque
1144 2408 1349 2483 successive

306 2525 388 2598 loco
407 2522 527 2595 eidem
545 2521 727 2617 congruit,
745 2520 784 2592 id
801 2532 868 2609 est,
882 2521 963 2593 loco
981 2520 1100 2593 eidem
1114 2533 1171 2593 est
1184 2522 1347 2618 aequale:

306 2649 417 2711 erunt
448 2659 594 2733 quoque
624 2635 697 2708 duo
729 2635 792 2708 illa
817 2658 983 2730 corpora,
1018 2658 1085 2731 per
1115 2659 1348 2709 communem

305 2751 495 2823 notionem
512 2749 679 2844 primam,
698 2749 796 2821 inter
813 2771 851 2820 se
869 2747 1036 2842 aequalia.

355 2861 403 2934 B.
423 2863 481 2934 lta
492 2861 646 2934 videtur.
664 2861 764 2935 Quid
775 2871 897 2933 autem
908 2872 963 2932 est
974 2860 1072 2955 quod
1083 2871 1138 2933 tot
1150 2885 1226 2935 non
1238 2864 1348 2937 modo

304 2976 553 3073 philosophos
567 2976 632 3048 sed
649 2976 761 3048 etiam
779 2975 1056 3047 mathematicos
1073 2975 1248 3071 ipsosque
1263 3001 1349 3074 pro·

303 3091 473 3177 sessores,
493 3089 615 3183 potuit
638 3088 676 3160 in
701 3111 862 3160 errorem
889 3088 988 3160 hunc
1012 3087 1266 3183 turpissimum
1293 3090 1349 3164 in-

305 3202 467 3276 ducere?

353 3315 404 3388 A.
430 3313 579 3387 Accidit
611 3313 795 3409 plerisque
825 3313 1034 3387 hominibus
1064 3314 1162 3387 circa
1192 3339 1236 3390 ea
1266 3341 1346 3414 quae

303 3430 486 3526 ignorant,
514 3428 611 3500 idem
641 3427 740 3524 quod
767 3426 973 3523 pecoribus.
1027 3426 1080 3500 Ut
1096 3427 1195 3501 enim
1212 3454 1347 3525 pecora

304 3544 494 3617 ductorem
512 3542 635 3637 gregis
655 3543 815 3639 primum
839 3552 1091 3637 erumpentem
1116 3567 1345 3642 quacunque,

302 3657 431 3753 ignara
459 3655 625 3751 periculi,
657 3657 760 3752 sequi
795 3655 926 3741 solent,
957 3654 1076 3728 itaet
1106 3654 1276 3731 homines
1308 3659 1343 3731 in

304 3769 493 3864 quodlibet
537 3768 736 3841 absurdum
771 3792 792 3840 a
826 3767 991 3863 principe
1024 3767 1209 3863 opinionis
1244 3770 1345 3845 ducti

302 3883 409 3956 facile
426 3881 606 3954 incidunt.

353 3996 402 4068 B.
431 3994 504 4066 Sed
523 3992 609 4089 quid
627 3992 757 4065 fefellit
775 3992 873 4087 ipsos
890 3991 1057 4088 primos?

353 4107 403 4180 Α.
430 4107 555 4180 Falere
573 4107 711 4202 primos
729 4104 833 4193 solet,
860 4106 960 4202 quod
991 4129 1074 4178 cum
1103 4108 1344 4184 sustinuerint

304 4219 437 4315 dogma
460 4221 619 4316 aliquod,
641 4219 837 4292 verisimile
855 4220 1015 4316 quidem,
1033 4220 1098 4292 sed
1121 4231 1249 4296 tamen
1279 4225 1344 4298 fal.

303 4357 395 4419 sum,
418 4347 455 4406 et
481 4359 503 4406 a
530 4334 829 4407 dissentientibus
859 4334 1134 4407 difficultatibus
1164 4352 1345 4434 urgentur
