2946 5010
409 394 464 446 nu
485 392 789 446 nucurrunnuu
810 393 991 449 crucum.
1145 377 1217 457 375

174 568 315 662 quartae
331 561 429 659 parti
446 563 573 636 circuli
597 561 772 658 descripti
789 562 1063 636 semidiametro
1080 559 1160 652 AB,
1178 573 1218 636 et
1251 589 1336 630 anor.
1352 588 1416 632 xm.

173 701 240 775 per
258 699 483 772 consequens
513 676 662 774 aequulis
689 677 762 750 erit
790 677 991 774 perimetro
1015 675 1129 750 totius
1146 675 1218 749 cir·
1259 660 1402 694 ψ

174 790 248 865 culi
271 789 446 885 descripti
463 813 486 863 a
502 790 652 863 semisse
675 801 788 863 rectae
805 789 892 874 AB;
918 800 957 863 et
972 788 1123 863 habebit
1140 789 1218 864 dia-

173 915 331 977 metrum
348 903 526 999 aequalem
543 903 622 977 AB.
676 903 801 985 Quare
828 903 1055 1000 triangulum
1072 916 1219 978 rectan-

172 1017 300 1114 gulum
328 1017 432 1112 cujus
460 1017 577 1091 latera
606 1017 706 1090 circa
735 1029 878 1091 rectum
903 1017 1079 1114 angulum
1109 1016 1219 1092 MBG

172 1143 260 1204 sunt
275 1130 337 1202 BC
358 1141 395 1203 et
409 1131 497 1221 ΒΜ,
510 1131 582 1204 erit
595 1131 735 1227 aequale
750 1129 887 1204 circulo
905 1130 1092 1227 descripto
1110 1131 1219 1204 semi-

173 1242 353 1317 diametro
371 1269 453 1341 quae
470 1245 517 1318 sit
534 1245 693 1317 semissis
710 1255 824 1317 rectae
837 1243 915 1316 AB.
968 1244 1066 1316 Huic
1093 1253 1218 1317 autem

172 1356 357 1453 triangulo
372 1359 511 1455 aequale
523 1370 578 1431 est
589 1357 844 1453 rectangulum
857 1357 926 1430 sub
938 1356 1003 1429 AB
1015 1368 1053 1429 et
1065 1355 1218 1431 dimidia

173 1471 260 1559 BM,
279 1469 320 1543 id
347 1480 403 1544 est
429 1471 643 1567 rectangrdo
659 1470 809 1555 Astr3
836 1482 874 1543 et
891 1469 1106 1565 rectangulo
1130 1470 1217 1544 huic

172 1582 311 1680 aequale
328 1595 385 1656 est
416 1584 637 1681 quadratum
663 1597 775 1658 rectae
801 1583 878 1672 Du,
904 1583 1036 1656 mcdiae
1061 1606 1217 1680 propor-

171 1697 319 1770 tionalis
346 1697 443 1771 inter
468 1698 535 1771 AB
565 1697 641 1770 sive
662 1697 743 1785 DC,
768 1708 808 1770 et
833 1696 1022 1770 dimidiam
1040 1696 1114 1769 ΒΜ
1133 1720 1215 1794 quae

172 1819 228 1882 est
246 1809 314 1890 Dr.

523 2005 773 2058 Pnoeosl'rlo
795 2006 865 2057 XV.

221 2152 318 2224 Dato
336 2149 517 2246 quadrato
534 2149 699 2223 invenire
716 2148 893 2244 aequalem
911 2146 1102 2220 circulum.

223 2263 279 2336 Sit
298 2262 425 2336 datum
446 2264 500 2355 (in
518 2263 570 2355 fig
587 2262 626 2354 2)
647 2260 866 2358 quadratum
885 2260 1017 2333 ABCD
1035 2259 1095 2332 cui
1113 2259 1214 2333 inve·

170 2376 326 2450 nicndus
360 2377 408 2449 sit
442 2374 592 2471 aequalis
620 2373 790 2447 circulus.
844 2373 996 2446 Secetur
1025 2372 1120 2446 latus
1147 2373 1214 2447 AB

170 2488 432 2584 quadrifariam
464 2489 503 2560 in
519 2490 562 2572 E,
582 2488 621 2577 F,
640 2499 678 2561 et
695 2488 728 2561 G
742 2512 751 2569 ;
779 2486 1107 2583 compleanturque
1124 2510 1215 2584 qua-

169 2602 278 2675 drata
290 2603 462 2698 partium,
474 2625 555 2698 quae
570 2613 680 2673 erunt
693 2599 862 2673 sedecem
877 2599 974 2672 inter
988 2623 1026 2672 se
1040 2599 1212 2696 aequalia3

170 2715 424 2811 ducanturque
438 2713 650 2811 diagonales
661 2714 743 2802 AD,
755 2713 832 2803 BC,
845 2724 1010 2787 secantes
1028 2736 1066 2786 se
1083 2725 1214 2788 mutuo

169 2828 207 2900 in
225 2841 353 2902 centro
371 2828 543 2926 quadrati
559 2826 607 2900 ad
625 2827 675 2899 H.
728 2826 865 2900 Centro
880 2826 917 2898 H
936 2825 1130 2900 intervallo
1143 2828 1213 2900 HE

168 2942 225 3014 vel
245 2943 317 3015 HG
334 2941 491 3015 ducatur
516 2940 715 3036 perimeter
741 2939 868 3013 circuli
895 2963 1024 3013 secans
1042 2940 1108 3013 AB
1125 2939 1162 3013 in
1181 2940 1213 3012 Ε

168 3067 206 3128 et
223 3055 267 3144 G,
285 3066 323 3128 ct
339 3055 550 3150 diagonales
570 3054 609 3125 in
626 3054 661 3126 R
678 3064 717 3126 et
735 3054 772 3125 S.
826 3053 974 3126 Secabit
999 3064 1123 3125 autem
1141 3053 1213 3126 cir-

169 3168 272 3240 culus
299 3168 416 3240 latera
445 3167 586 3263 reliqua
609 3167 720 3238 etiam
738 3164 1011 3260 quadrifariam,
1029 3165 1212 3239 transiens

168 3304 234 3374 per
251 3291 389 3375 puncta
407 3280 446 3367 P,
464 3280 518 3366 M,
537 3280 582 3366 Ο,
603 3279 651 3367 Ν,
669 3278 706 3352 Q
722 3292 762 3351 et
778 3279 819 3350 L.

218 3392 310 3465 Dico
350 3391 528 3464 circulum
566 3391 663 3462 hunc
703 3390 880 3487 aequalem
921 3412 999 3462 esse
1032 3388 1211 3485 quadrato

168 3504 313 3578 ABCD.
365 3503 594 3577 Producatur
608 3502 676 3575 HF
692 3501 741 3575 ad
758 3502 1092 3575 circumferentiam
1109 3502 1147 3574 in
1164 3503 1208 3577 T.

168 3616 207 3689 Si
225 3640 314 3711 ergo
331 3616 536 3688 trilaterum
557 3615 668 3702 AER,
686 3625 902 3687 contentum
929 3613 1071 3687 duabus
1098 3617 1208 3689 rectis

167 3730 244 3819 ΑΕ,
263 3731 332 3802 AR
344 3742 382 3801 et
399 3752 488 3801 arcu
505 3729 582 3817 ER,
601 3728 740 3824 aequale
758 3728 806 3800 sit
823 3727 990 3800 trilatero
1014 3728 1104 3800 Fun
1122 3752 1207 3801 con·

167 3855 270 3916 tento
294 3843 434 3915 duabus
465 3841 575 3914 rectis
593 3841 665 3926 EF,
685 3841 756 3928 FT,
775 3852 813 3913 et
830 3864 919 3914 arcu
937 3840 1010 3930 ΕΤ,
1036 3840 1207 3914 manifes-

166 3969 246 4029 tum
263 3969 320 4029 est
346 3955 570 4051 triangulum
589 3955 704 4041 AHF,
730 3978 862 4050 nempe
878 3966 1023 4050 partem
1039 3965 1208 4028 octavam

166 4072 280 4144 totius
299 4070 480 4168 quadrati,
499 4069 640 4165 aequale
667 4092 745 4141 esse
769 4068 903 4140 sectori
931 4068 1047 4154 HRT,
1066 4077 1207 4141 octavae

167 4185 256 4256 item
274 4183 369 4280 parti
387 4181 501 4255 totius
519 4182 671 4254 circuli:
699 4193 737 4254 et
755 4183 807 4254 sic
821 4181 867 4254 de
881 4181 1025 4254 caeteris
1041 4181 1208 4276 partibus
