2946 5010
362 432 945 486 uaruuuarromnomunum.
1112 418 1181 496 117

137 599 295 695 scriptae,
311 611 355 672 nt
369 599 563 695 plusquam
580 598 691 694 triplo
710 600 783 673 sint
798 600 996 697 longiores.
1026 602 1074 674 Et
1086 622 1181 698 prae.
1217 628 1368 670 onmem

136 727 248 801 terea,
267 713 375 785 citius
393 712 574 808 intelliget
590 712 706 786 lector
724 713 891 808 quilibet,
904 715 1017 788 etiam
1033 716 1181 812 symbo-
1220 709 1365 813 „PL

134 828 239 912 licus,
271 826 398 899 decem
431 825 512 898 illas
541 825 873 900 demonstrationes
903 829 1032 917 Clavii,
1068 853 1181 924 qnam

134 941 338 1039 quamlibet
370 964 483 1012 unam
525 963 571 1012 ex
603 939 977 1015 demonstrationibus
1012 941 1179 1014 Wallisii.

134 1054 304 1149 Denique
316 1052 587 1148 propositiones
615 1051 687 1125 illae
716 1076 739 1124 a
766 1053 942 1150 quolibet,
961 1055 1024 1150 qui
1053 1079 1180 1128 earnm

132 1165 309 1262 intelligit
326 1163 656 1237 demonstrationes
668 1167 925 1260 geometricas,
954 1191 1030 1241 non
1057 1167 1179 1241 minus

133 1278 182 1352 ad
208 1301 384 1352 numeros
401 1276 579 1373 applicari
592 1290 749 1374 possunt
763 1301 898 1374 qnama
916 1279 1042 1354 Clavio
1056 1281 1175 1377 appli-

133 1403 337 1465 eataesnnt.

181 1504 231 1577 B.
259 1504 458 1599 Pergamus
473 1527 561 1600 ergo
578 1503 626 1577 ad
638 1504 761 1599 Caput
772 1505 1177 1595 xxiv.,DeGeodoesia.

133 1617 207 1692 Sed
251 1617 382 1713 primo,
417 1617 478 1691 dic
512 1617 604 1691 mihi
640 1616 730 1713 quid
764 1617 887 1692 differt
925 1619 1121 1693 Geodaesia
1155 1645 1179 1694 a

134 1730 385 1805 Geometrio?

179 1841 228 1917 A.
255 1844 370 1933 Nihil,
383 1845 455 1919 nisi
473 1845 572 1940 quod
591 1844 809 1940 quibusdam
822 1845 1030 1919 hominibus
1042 1847 1176 1920 mirum

129 1959 169 2032 in
187 1956 340 2031 modum
358 1957 479 2054 placet
496 1982 629 2031 vocum
654 1958 866 2032 Graecarum
887 1959 1093 2031 efformatio
1108 1960 1175 2032 ali-

128 2095 202 2168 qua
217 2071 277 2144 vel
290 2071 507 2167 compositio
529 2096 637 2162 nova,
656 2072 704 2145 ad
719 2072 1003 2146 ostentationem
1032 2073 1175 2167 peritiae

126 2185 265 2282 linguae
282 2184 433 2258 Graecae.
486 2184 559 2257 Sed
586 2184 648 2257 diu
676 2208 775 2258 nune
803 2197 859 2258 est
888 2183 989 2281 quod
1016 2207 1059 2256 ea
1090 2209 1174 2275 vox,

127 2298 339 2393 significans
357 2310 467 2371 terrae
485 2297 712 2385 divisionem,
725 2321 793 2393 pro
821 2311 926 2392 parte
956 2297 1047 2370 artis
1080 2297 1176 2393 agri-

127 2434 339 2484 mensornm
370 2422 547 2506 usurpata
573 2422 642 2482 est.
695 2410 804 2483 Nosti
833 2433 943 2506 qnam
973 2409 1106 2506 exigua
1135 2423 1174 2484 et

127 2525 216 2597 trita
231 2547 319 2620 pars
341 2548 384 2596 ea
402 2523 451 2596 sit
467 2523 691 2619 geometriae,
719 2547 792 2618 qua
815 2535 972 2597 utuntur
988 2523 1173 2620 agrimen-

128 2660 243 2711 sores.
295 2638 460 2710 Doeetnr
477 2649 601 2708 autem
621 2636 692 2708 hoc
723 2637 843 2732 capite
873 2636 960 2709 novi
985 2636 1088 2726 nibil,
1107 2637 1173 2710 sed

128 2750 316 2847 quomodo
345 2749 625 2845 triangulorum,
656 2760 694 2821 et
723 2748 877 2845 proinde
899 2747 1172 2848 polygonorum

127 2864 414 2953 rectilineorum,
432 2886 528 2936 areae
555 2861 603 2934 ad
631 2885 869 2936 numerorum
900 2863 1082 2936 calculum
1113 2887 1172 2936 re-

128 2977 215 3050 duci
232 2978 363 3050 solent.

140 3115 145 3122 ·
179 3090 230 3165 B.
257 3089 391 3164 Nonne
407 3087 519 3161 etiam
549 3087 677 3160 circuli
704 3099 742 3160 et
769 3100 954 3161 sectorum
982 3113 1170 3163 mensura-

127 3205 280 3291 tionem,
294 3214 332 3275 et
349 3201 609 3297 quadraturam
628 3201 755 3273 circuli
772 3201 834 3273 hie
852 3201 989 3274 docet?

176 3315 226 3387 A.
254 3314 436 3387 Scribitur
450 3312 598 3409 quidem
609 3313 646 3385 in
658 3314 822 3409 margine
835 3313 930 3400 libri,
943 3314 1168 3386 mmmnrntio

127 3427 261 3501 circuli
288 3436 326 3500 et
350 3426 567 3525 portionum
596 3427 677 3520 ejus
689 3453 704 3508 ;
730 3438 767 3498 et
790 3426 900 3521 paulo
928 3426 1090 3514 inferius,
1121 3426 1169 3498 de

127 3542 262 3616 drenli
288 3541 552 3639 qnadrntnrn;
586 3549 624 3611 et
650 3540 753 3612 ratio
772 3540 975 3639 perimetri
1005 3538 1168 3610 circula-

127 3658 184 3730 rie
200 3656 257 3729 nd
278 3654 509 3728 diametrum.
560 3653 604 3726 In
622 3664 726 3725 textu
744 3666 866 3724 autem
897 3666 1008 3748 negat
1032 3675 1070 3724 se
1087 3652 1168 3725 haee

127 3769 273 3857 docere,
291 3767 356 3841 sed
375 3767 420 3840 de
438 3767 509 3840 illis
525 3767 641 3840 fusius
660 3765 801 3838 dictum
820 3790 898 3839 esse
917 3766 1006 3838 dieit
1033 3765 1072 3836 in
1101 3790 1167 3838 sua

125 3879 627 3975 ArithmeticaInJinitornm.
655 3879 757 3952 Dicit
767 3891 956 3973 praeterea,
968 3877 1168 3976 Josephnm

126 3995 373 4094 Scaligernm,
411 3994 625 4066 Severinum
659 3991 1006 4090 Longomontnnnm,
1037 4001 1075 4064 et
1100 4017 1166 4064 nu-

118 4109 290 4208 perrime
322 4108 500 4182 Thomam
537 4106 698 4195 Hobbes,
728 4104 954 4177 immortales
981 4104 1053 4176 sibi
1080 4104 1167 4178 inde

123 4222 288 4321 singulis
305 4220 436 4294 lamina
453 4219 581 4293 deberi
595 4219 829 4307 somniantes,
848 4219 942 4290 mire
958 4218 1168 4292 hallucina-

123 4348 181 4410 tor
196 4359 293 4409 esse.
