2946 5010
399 395 476 463 400
543 410 599 463 na
617 410 850 464 amucrmrs
870 410 922 464 ar
940 410 1303 468 narrocrnsrross

208 601 276 642 cer.
291 603 357 644 vm.
398 587 509 651 rectae
531 577 609 667 AC,
623 577 686 652 ΟΕ
715 580 945 652 constituant
970 603 1083 653 unam
1111 580 1247 655 lineum
1276 606 1452 677 curvum,

215 671 358 789 ᾗ
398 688 581 762 incertum
606 703 684 763 est:
710 691 786 764 imo
803 715 903 780 vero,
920 705 1064 766 certum
1086 695 1212 789 potius
1228 695 1329 792 qnod
1350 719 1450 771 non.

399 801 497 876 Nam
519 815 697 899 punctum
724 803 1070 878 Coonsiderabitur
1095 807 1156 879 vel
1183 819 1227 881 ut
1246 823 1448 905 quantum,

396 915 457 988 rel
481 927 525 989 ut
545 917 651 990 nihii
702 917 742 990 si
768 931 813 991 ut
828 917 934 1007 nihil,
959 942 1079 1014 neque
1105 920 1204 994 linea
1225 921 1291 994 DE
1317 946 1450 1019 neque

396 1028 495 1102 linea
511 1029 558 1102 FI
575 1029 661 1104 duci
677 1043 813 1126 potest,
826 1055 944 1128 neque
961 1031 1199 1106 considerari.
1245 1035 1309 1107 Sin
1325 1059 1449 1130 punc·

396 1154 476 1216 tum
495 1143 750 1217 consideretur
761 1157 804 1217 ut
820 1157 1012 1240 quantum,
1026 1146 1319 1220 considerabitur
1335 1162 1449 1224 recta

396 1255 545 1352 quidem
561 1256 627 1329 DE
653 1270 697 1330 nt
722 1257 992 1354 rectangulum‚
1010 1271 1049 1330 et
1073 1283 1182 1331 arcus
1206 1261 1253 1332 FI
1270 1274 1313 1334 nt
1338 1263 1446 1336 orbis

395 1369 550 1465 alicujus
567 1369 784 1444 latitudinis.
837 1372 967 1466 Itaque
983 1384 1162 1467 punctum
1181 1372 1211 1446 C
1228 1372 1444 1449 considera-

395 1483 495 1557 bitur
510 1497 554 1558 nt
569 1508 655 1582 pars
672 1485 861 1582 utriusque
879 1485 1107 1558 communis:
1134 1498 1172 1559 et
1189 1487 1243 1559 sic
1253 1487 1324 1560 erit
1340 1487 1444 1562 idem

395 1609 574 1694 punctum
600 1598 873 1672 consideratum
895 1611 940 1670 ut
956 1600 1074 1694 majus
1097 1612 1136 1671 et
1161 1601 1294 1681 minus,
1312 1599 1442 1692 idest,

393 1724 438 1785 ut
455 1711 676 1808 quadratum
698 1725 737 1785 et
762 1711 920 1785 circulus
950 1711 1020 1808 ipsi
1046 1712 1257 1808 inscriptus.
1310 1711 1444 1788 Quare

395 1824 479 1899 duae
506 1839 620 1900 rectae
646 1824 915 1898 constituentes
943 1825 1120 1920 angulum
1149 1837 1306 1916 rectum,
1335 1827 1443 1902 nullo

393 1939 505 2012 modo
518 1938 743 2013 considerari
759 1951 804 2012 ut
819 1962 894 2010 una
910 1953 1013 2011 recta
1029 1952 1195 2034 possunt.
1232 1938 1356 2012 Multo
1375 1964 1443 2013 au·

393 2064 469 2125 tem
486 2053 620 2141 minus,
631 2052 663 2125 si
680 2052 913 2125 constituunt
926 2050 1103 2146 angulum
1113 2065 1275 2125 acutum.
1306 2052 1442 2128 “Quid

394 2167 516 2262 ergo‚”
533 2166 678 2263 inquiet
700 2165 796 2239 forte
821 2165 965 2260 aliquis,
984 2164 1171 2238 “nullane
1196 2190 1316 2262 neque
1341 2182 1439 2257 arte,

392 2302 513 2374 neque
536 2279 685 2352 fortuna
708 2278 821 2351 dividi
848 2287 972 2373 potest
997 2277 1096 2351 linea
1118 2289 1220 2352 recta
1246 2280 1284 2351 in
1311 2293 1440 2375 partes

393 2392 601 2489 aliquotas?
654 2392 838 2464 Punctum
867 2391 966 2463 enim
994 2390 1025 2463 si
1052 2390 1143 2463 nibil
1168 2391 1228 2477 sit,
1253 2414 1439 2486 nusquam

392 2519 460 2591 cst,
478 2529 598 2601 neque
623 2506 660 2577 in
686 2505 806 2576 media
828 2504 937 2590 linea,
955 2527 1074 2598 neque
1100 2505 1139 2574 in
1167 2504 1288 2591 tertia,
1316 2527 1439 2599 neque

392 2620 430 2690 in
450 2631 581 2713 quarta
604 2632 710 2712 parte
737 2619 826 2710 ejus.
879 2618 943 2688 Sin
970 2629 1149 2710 punctum
1172 2617 1219 2688 sit
1244 2631 1439 2711 quantum,

391 2731 579 2803 auferetur
606 2753 672 2824 per
703 2730 917 2800 divisionem
942 2729 1064 2822 aliqua
1093 2753 1177 2823 pars
1208 2745 1320 2802 rectae
1344 2731 1438 2802 divi-

392 2842 560 2914 dendae.‘’
629 2841 688 2912 Ad
718 2841 818 2935 quod
852 2842 1080 2935 respondeo:
1118 2856 1218 2912 recte
1249 2842 1440 2916 dividetur

393 2970 505 3039 recta,
518 2956 547 3027 si
561 2978 725 3026 secemus
738 2979 817 3025 eam
828 2979 894 3049 per
908 2954 1041 3026 lineam
1056 2955 1253 3025 habentem
1265 2956 1440 3050 exiguam

390 3069 550 3163 aliquam
583 3067 825 3154 latitudinem,
856 3068 909 3138 ita
937 3080 979 3139 ut
1006 3078 1127 3161 partes
1159 3067 1332 3161 utrinque
1361 3069 1440 3141 sint

390 3184 560 3278 aequaieS,
577 3182 813 3275 dicamusque
827 3181 941 3252 totius
955 3191 1066 3252 rectae
1080 3180 1247 3251 sccandae
1259 3180 1439 3254 medieta-

388 3309 464 3367 tem
481 3320 559 3367 esse
578 3295 626 3367 ad
644 3295 801 3367 mediam
819 3293 1023 3365 latitudinis
1041 3293 1147 3364 lineae
1167 3294 1346 3365 secantis:
1374 3318 1440 3366 ac·

387 3411 548 3480 curatius
566 3424 689 3480 autem
705 3407 816 3479 dividi
840 3407 1020 3494 bifariam,
1038 3407 1083 3476 ab
1113 3407 1271 3477 humana
1305 3406 1441 3482 saltem

387 3523 565 3618 potentia,
594 3546 668 3593 non
692 3532 824 3615 potest.
891 3521 998 3614 Itque
1023 3519 1102 3591 haec
1130 3520 1241 3590 verba
1277 3518 1440 3592 duarum

387 3637 579 3723 lineorum,
607 3643 690 3721 etc,
710 3647 751 3704 ut
778 3634 938 3704 obscura
966 3632 1208 3727 reprehendo,
1240 3644 1441 3727 propterea

388 3749 486 3844 quod
519 3772 600 3843 quae
629 3746 711 3817 duae
739 3746 846 3818 lineae
874 3770 986 3816 unam
1017 3746 1244 3817 constituant
1271 3744 1329 3815 vel
1360 3768 1440 3821 non

389 3863 627 3949 constituant,
647 3858 814 3930 nondum
833 3858 1019 3930 docuerat.

438 3976 482 4047 Id
495 3974 594 4069 quod
607 3973 697 4045 facit
715 3973 806 4043 duas
825 3971 940 4043 lineas
955 3970 1177 4066 compositas
1192 3984 1291 4044 recte
1307 3974 1438 4044 vocari

386 4114 507 4177 unam,
536 4101 591 4160 est
621 4087 721 4183 quod
753 4087 850 4158 idem
882 4086 1032 4158 omnino
1064 4084 1224 4157 habeant
1255 4095 1439 4178 punctum

387 4226 592 4287 commune,
612 4200 718 4295 quale
735 4199 882 4293 quidem
902 4198 1039 4270 habent
1057 4221 1164 4269 arcus
1184 4199 1253 4283 FC,
1267 4197 1340 4267 CI:
1369 4197 1439 4272 sed

387 4339 461 4386 nou
480 4316 568 4385 item
587 4312 656 4397 FC,
672 4312 748 4399 CD,
767 4336 886 4407 neque
905 4313 981 4400 EC,
995 4311 1069 4383 CA.
