2946 5010
235 377 314 446 302
720 391 775 443 1111
796 388 954 441 suenus.

286 588 481 675 Praeterea,
514 585 608 660 nihil
639 585 770 682 scripsi
803 594 935 659 contra
967 583 1234 678 episcopatum,
1266 604 1386 676 neque

236 751 367 815 contra
380 736 594 834 episcopum
606 760 825 834 quemquam
836 746 1117 832 protestantem.
1162 733 1387 829 Quamergo

238 913 386 965 causam
403 889 538 962 habeat
555 887 809 983 episcoporum
826 897 1039 960 nostrornm
1052 885 1244 981 quisquam
1263 882 1310 956 de
1327 908 1387 956 me

238 1038 413 1136 loquendi
439 1049 617 1133 tanquam
647 1036 693 1110 de
720 1037 854 1126 Atheo,
880 1036 989 1132 plane
1017 1035 1154 1108 nescio.
1207 1033 1388 1107 Nonnulli

239 1198 364 1262 tamen
381 1209 521 1272 eornm,
539 1195 582 1258 ut
600 1184 722 1274 audio,
741 1184 780 1258 id
797 1185 962 1259 faciunt:
989 1196 1101 1281 atque
1118 1183 1228 1257 etiam
1246 1183 1347 1256 illam
1365 1208 1389 1255 a

239 1337 435 1412 clementia
448 1354 513 1410 tua
525 1337 729 1434 profectam
740 1336 1064 1431 Aeneadumque
1076 1346 1115 1408 et
1131 1335 1202 1430 ipsi
1215 1333 1272 1407 usi
1285 1345 1384 1422 sunt,

240 1486 332 1561 mihi
360 1485 580 1574 invidentes,
605 1487 703 1560 illius
733 1485 817 1559 libri
847 1484 1060 1558 memoriam
1091 1507 1177 1556 cum
1207 1482 1389 1556 dedecore

240 1658 336 1725 meo,
354 1635 393 1708 in
410 1634 588 1709 concione
605 1635 718 1709 etiam
731 1658 854 1709 coram
868 1646 907 1707 te
924 1634 1017 1730 ipso,
1031 1644 1162 1707 contra
1171 1631 1389 1706 charitatem

242 1782 489 1857 Christianam
502 1782 688 1856 refricant.

293 1934 479 2009 Quoniam
512 1946 636 2008 autem
671 1934 854 2030 plerisque
889 1958 1016 2008 eorum
1052 1935 1238 2031 displicuit
1278 1935 1389 2007 etiam

242 2086 335 2160 liber
352 2110 455 2160 meus
475 2108 528 2160 on
556 2109 669 2175 ctvn,
686 2088 725 2160 in
743 2112 816 2184 qno
834 2086 1010 2184 dogmata
1035 2087 1099 2160 illa
1125 2087 1256 2184 quibus
1275 2088 1390 2160 offen-

243 2237 382 2311 duntur
402 2260 477 2310 non
504 2248 696 2333 apparent,
717 2236 798 2309 fieri
819 2247 944 2332 potest
968 2248 1012 2309 ut
1035 2259 1134 2331 aegre
1150 2235 1273 2308 ferant
1291 2233 1391 2330 qnod

242 2386 419 2462 Ecclesiae
436 2387 698 2461 authoritatem
713 2386 921 2483 dependere
938 2387 1071 2461 faciam
1094 2412 1117 2461 a
1133 2398 1317 2484 potestate
1335 2412 1388 2460 re·

243 2537 320 2634 gia:
338 2538 377 2610 id
389 2536 487 2633 quod
501 2536 612 2611 credo
625 2564 698 2612 non
711 2538 893 2611 videbitur
904 2540 1093 2634 Majestati
1106 2551 1178 2612 tuae
1189 2540 1391 2626 utheiemus

243 2710 363 2783 neque
391 2687 553 2777 aaronis,
573 2712 657 2759 cum
684 2689 848 2762 Ecclesia
874 2690 1080 2785 Anglicana
1108 2689 1198 2761 nihil
1226 2689 1326 2761 aliud
1345 2691 1392 2762 sit

245 2861 355 2933 quam
372 2838 529 2933 populus
543 2850 640 2912 tuus

296 2993 318 3024 “
335 2988 408 3060 Sed
423 2988 510 3082 quid
529 2991 603 3077 tu'’‚
619 2989 768 3083 objiciet
785 2988 929 3083 aliquis,
944 2994 965 3026 “
981 2989 1131 3061 omnino
1144 2989 1224 3060 haec
1243 3001 1392 3073 tractas

245 3162 329 3211 cum
343 3139 472 3237 religio
487 3164 560 3212 non
579 3139 820 3235 philosophiae
837 3164 922 3234 pars
940 3140 998 3228 sit,
1017 3140 1081 3212 sed
1099 3140 1189 3234 legis
1205 3140 1239 3210 ?’‘

296 3293 410 3365 Recte
424 3292 571 3388 quidem
589 3291 673 3380 hoc,
692 3291 870 3386 siquidem
884 3292 946 3385 qui
965 3290 1017 3364 sic
1035 3291 1225 3386 objiciunt,
1240 3291 1292 3362 sic
1311 3314 1393 3362 sen-

245 3444 369 3517 tirent.
423 3444 495 3517 Sed
525 3468 607 3515 mea
634 3443 714 3515 haec
744 3443 806 3514 illo
835 3454 999 3538 tempore
1030 3444 1295 3531 scribebantur,
1322 3467 1393 3537 quo

246 3593 415 3688 Regnum
434 3593 570 3665 Christi
588 3593 738 3665 summis
750 3592 949 3665 sceleribus
964 3593 1275 3687 praetendebatur.
1303 3594 1324 3664 J
1329 3617 1394 3665 ure

245 3765 333 3837 ergo
373 3742 598 3838 hypocrisim
638 3741 898 3813 sceleratorum
938 3742 1129 3814 hominum
1170 3743 1394 3838 indignatus,

248 3891 448 3986 Scripturae
467 3893 589 3964 Sacrae
607 3891 652 3963 de
671 3891 800 3986 Regno
820 3892 887 3964 Dei
912 3892 999 3987 quid
1024 3893 1189 3966 dicerent
1216 3907 1395 3989 quantum

246 4043 350 4138 potui
369 4043 594 4137 penitissime
613 4042 767 4114 scrutari
787 4042 911 4113 statui.

296 4189 424 4262 Tantae
439 4191 551 4284 igitur
571 4189 763 4266 calumniae
784 4214 894 4262 causa
911 4191 948 4262 in
968 4190 1070 4262 libris
1093 4191 1182 4262 meis
1205 4190 1304 4262 nulla
1328 4206 1395 4262 est.
