2946 5010
308 404 377 471 126
520 416 788 471 nxauruarm
809 419 861 472 nr
880 417 1131 471 uunnnumo

119 611 269 652 nnnoous
305 584 422 682 dupla
438 585 660 659 est-Bene
678 587 856 660 sehabet.
910 585 984 659 Sed
1000 583 1090 680 quid
1107 583 1138 657 si
1160 605 1228 679 pro
1253 609 1349 681 qaa-

119 696 262 799 „RL
305 698 506 795 dripoadio
524 713 561 772 et
579 699 755 797 dipondio
775 700 956 795 posuisset
981 721 1045 771 sex
1068 695 1192 794 pondo
1217 706 1255 770 et
1280 698 1348 770 tri-

303 811 493 908 pondium,
505 824 543 884 et
552 836 619 907 pro
632 813 738 885 lineis
751 810 1014 908 quadrupedali
1027 822 1065 882 et
1079 808 1200 905 pedali
1212 809 1347 883 lineam

305 925 499 999 duodecim
513 925 649 1021 pedum
667 939 704 999 et
722 926 836 998 trium
852 924 1010 1021 pedum;
1036 922 1220 1019 quomodo
1238 947 1349 1019 argu·

305 1049 471 1112 mentum
489 1041 567 1135 ejus
584 1037 824 1134 quadrasset?
876 1036 1083 1126 Quomodo,
1101 1036 1264 1132 inquam,
1291 1061 1349 1110 ra·

305 1151 444 1225 tionem
486 1152 727 1248 posteriorem
769 1151 901 1248 prioris
940 1162 1079 1247 quanta
1118 1174 1205 1246 pars
1239 1161 1347 1238 esset,

305 1263 549 1338 ostendisset?

354 1377 404 1449 B.
432 1376 504 1450 Sic.
571 1377 611 1450 Si
644 1388 879 1472 comparatur
912 1375 1034 1472 quoad
1067 1377 1248 1450 rationem
1283 1399 1348 1449 sex

304 1489 428 1586 pondo
457 1501 496 1563 et
530 1488 769 1584 tripondium,
799 1488 895 1562 ratio
931 1498 988 1561 est
1018 1487 1154 1584 dupla;
1188 1489 1220 1562 si
1249 1488 1349 1562 linea

305 1602 499 1676 duodecim
527 1601 662 1697 pedum
688 1614 922 1698 comparatur
949 1625 1033 1674 cum
1063 1601 1161 1674 linea
1187 1601 1346 1675 duorum

304 1715 451 1812 pedum,
476 1715 593 1789 oritur
610 1715 705 1788 ratio
723 1714 902 1811 sextupla.
955 1714 1049 1788 Quae
1066 1715 1229 1789 rationes
1246 1739 1346 1789 com-

303 1829 427 1925 parari
442 1842 618 1923 possunt;
646 1851 790 1923 nempe,
808 1829 888 1901 haec
905 1826 1002 1901 illius
1020 1828 1090 1901 erit
1106 1829 1228 1925 tripla.

354 1942 404 2016 Α.
433 1942 533 2017 Quid
556 1939 632 2014 ita?
684 1941 881 2015 Rationem
904 1949 946 2014 12
973 1940 1022 2013 ad
1047 1950 1069 2014 2
1093 1941 1243 2037 triplam
1267 1965 1346 2016 csse

303 2079 431 2129 censes
447 2055 600 2129 rationis
618 2062 641 2126 6
660 2055 708 2128 ad
726 2054 774 2128 3.>

355 2168 404 2243 B.
430 2169 569 2241 Video:
596 2191 683 2239 nam
699 2167 793 2240 ratio
816 2175 859 2239 lo
877 2166 925 2239 ad
950 2176 972 2240 2
991 2178 1047 2241 est
1063 2168 1174 2264 tripla
1190 2170 1345 2243 rationis

303 2289 326 2353 6
344 2280 392 2354 ad
416 2284 450 2354 3.
504 2280 579 2354 Sed
595 2280 715 2353 fraudi
732 2280 785 2354 illi
805 2292 844 2352 et
866 2279 957 2352 mihi
978 2279 1060 2369 fuit,
1087 2280 1187 2376 quod
1212 2282 1253 2354 in
1284 2306 1345 2354 cx-

303 2394 424 2490 emplo
454 2393 669 2466 Wallisiano
701 2406 780 2467 tum
808 2393 1032 2490 quantitates
1061 2405 1140 2466 tum
1170 2395 1344 2485 rationes,

303 2506 420 2580 altera
437 2506 586 2579 alterius
604 2506 715 2600 dupla
732 2518 810 2591 est;
837 2505 876 2578 id
895 2505 992 2603 quod
1008 2507 1191 2603 contingit
1207 2508 1246 2580 in
1260 2534 1345 2605 pro-

303 2618 490 2713 gressione
519 2642 585 2714 per
620 2617 870 2714 duplationem
900 2618 989 2708 sola,
1019 2606 1113 2691 alias
1137 2644 1213 2692 non
1244 2622 1343 2695 item.

305 2730 378 2804 Sed
400 2732 514 2805 miror
541 2756 606 2804 cur
629 2732 691 2804 hic
718 2731 809 2805 dicit
834 2732 1014 2805 rationem
1038 2740 1059 2804 4
1088 2731 1134 2804 ad
1158 2743 1171 2805 Ι
1195 2732 1344 2831 duplam

303 2846 550 2919 esserationis
568 2855 590 2919 2
609 2844 657 2917 ad
680 2855 710 2934 l,
730 2846 909 2941 cumipse
927 2847 966 2918 in
980 2844 1146 2918 Eleacdo
1163 2848 1290 2920 multis
1308 2860 1345 2921 et

302 2959 407 3031 malis
430 2960 551 3032 verbis
577 2958 780 3032 contendat
810 2959 990 3032 rationem
1019 2959 1121 3031 illam
1150 2958 1344 3034 dicendam

302 3095 381 3144 esse
400 3096 473 3145 non
492 3072 651 3168 duplam,
671 3071 735 3144 sed
753 3071 986 3168 duplicatam.

352 3184 401 3258 Α.
428 3184 571 3258 Deinde
615 3209 762 3258 causam
801 3184 957 3257 reddens
993 3184 1213 3258 discriminis
1248 3187 1343 3260 inter

301 3300 615 3395 comparationem
637 3299 791 3371 duarum
818 3299 1066 3394 quantitatum
1093 3299 1215 3394 quoad
1241 3300 1343 3373 diffe-

300 3413 469 3501 rentiam,
495 3423 533 3484 et
563 3412 874 3508 comparationem
904 3412 1103 3485 earundem
1133 3414 1257 3508 quoad
1287 3439 1343 3488 ra·

300 3527 451 3612 tionem,
474 3526 695 3621 imperitiam
721 3550 824 3599 suam
850 3526 1012 3600 ostendit
1037 3528 1149 3600 etiam
1175 3527 1342 3624 amplius

302 3640 399 3712 Nam
427 3663 511 3711 cum
541 3637 734 3711 ostendere
762 3639 914 3713 deberet
943 3640 1166 3713 differentias
1196 3641 1343 3737 quanti·

301 3760 419 3824 tatum
437 3774 651 3824 excessuum
665 3751 722 3823 vel
741 3751 969 3824 residuorum
987 3775 1066 3825 esse
1082 3754 1341 3849 homogeneaS,

301 3862 461 3936 ostendit
476 3876 621 3936 tantum
635 3863 713 3958 ipsa
726 3872 878 3961 quanta,
897 3887 1029 3960 nempe
1047 3889 1215 3938 excessus
1229 3878 1269 3939 et
1286 3890 1342 3938 re-

299 3975 415 4064 sidua,
427 4000 505 4049 esse
518 3977 756 4072 homogenea.
785 3976 913 4049 Nescit
930 3979 1026 4050 enim
1047 3977 1272 4074 distinguere
1289 3980 1340 4052 in-

299 4102 357 4161 ter
374 4100 547 4186 quantam
566 4103 603 4163 et
626 4090 878 4187 poenalitatem.
935 4091 1117 4181 Secundo,
1136 4116 1220 4164 cum
1242 4092 1341 4165 dicat

299 4202 362 4274 abi
373 4213 493 4276 autem
506 4204 739 4302 comparatio
740 4205 794 4297 fit
807 4205 932 4300 qtroad
939 4205 1128 4294 rationem,
1136 4231 1218 4302 qaae
1229 4231 1339 4278 amer·

296 4327 365 4413 get
383 4317 483 4390 ratio
501 4327 794 4416 comparatorum
807 4343 926 4416 ganas
943 4345 1013 4392 aaa
1030 4344 1120 4392 raro
1138 4320 1291 4408 deserit,
1302 4328 1340 4391 et
