2946 5010
345 420 657 474 narnnnmmcn
678 423 920 477 nonmnNnt.
1112 405 1160 483 57

123 588 163 662 ¹¹5
194 587 315 686 f³¹¹0f2
349 599 392 664 Ut
424 588 616 686 longitudo
650 615 757 666 arcus
791 591 919 667 circuli
957 589 1162 687 comparari
1193 590 1351 657 nmsooos‘

123 702 242 799 possit
258 727 343 775 cum
365 714 468 776 recta
491 703 599 793 linea,
627 705 727 801 quod
752 704 894 779 faciunt
918 705 1161 801 cyclometrae‚
1200 696 1343 800 „L

122 838 191 911 per
209 813 416 888 doctrinam
432 815 663 911 tangentium
682 830 721 890 et
738 818 953 892 secantium.

61 953 66 961 ¹
173 925 221 1003 A.
249 928 350 1004 Quid
365 929 444 1003 ita?

174 1041 225 1115 B.
251 1041 386 1115 Nonne
402 1053 525 1138 potest
540 1052 661 1116 sector
678 1043 805 1118 circuli
823 1044 975 1141 quilibet
987 1043 1026 1117 in
1039 1053 1162 1139 partes

124 1154 308 1250 quotlibet
325 1154 450 1245 dividi,
468 1180 552 1253 quae
574 1168 696 1252 partes
719 1181 846 1232 omues
872 1168 981 1231 erunt
1008 1156 1162 1231 totidem

123 1279 287 1342 sectores
303 1268 490 1342 minores?

175 1382 225 1454 A.
252 1381 390 1457 Potest.
442 1380 541 1455 Quid
558 1382 664 1456 tum?

174 1494 227 1566 B.
253 1493 389 1567 Nonne
405 1507 526 1569 sector
543 1495 696 1590 quilibet
713 1495 849 1571 desinit
864 1497 903 1569 in
920 1493 1124 1592 punctum?

174 1605 225 1679 A.
254 1607 323 1680 Ita.
343 1605 364 1700 j

179 1718 229 1792 B.
256 1719 298 1793 si
309 1743 402 1817 ergo
421 1720 604 1817 quadrans
628 1721 766 1812 cuculi,
793 1722 950 1818 exempli
975 1745 1097 1811 causa,
1124 1721 1163 1794 in

127 1832 261 1906 millies
285 1833 384 1907 mille
411 1845 571 1907 sectores
594 1834 754 1908 minores
781 1835 919 1908 divisus
944 1835 1015 1921 sit;
1041 1858 1164 1908 nonne

126 1947 239 2021 iidem
257 1959 417 2022 sectores
434 1947 626 2044 compositi
642 1958 729 2021 sunt
745 1947 955 2043 quadrans?

177 2061 229 2134 A.
254 2060 389 2133 Etiam.

177 2174 230 2246 B.
255 2173 305 2246 Et
329 2196 413 2246 cum
437 2196 543 2247 arcus
570 2172 624 2246 illi
647 2196 773 2246 arcum
796 2173 1026 2247 constituunt
1050 2171 1166 2269 quad-

128 2285 259 2374 rantis,
281 2309 406 2359 nonne
430 2298 468 2361 et
495 2298 621 2360 centra
645 2310 773 2360 eorum
796 2287 1021 2362 constituent
1050 2284 1168 2383 quad·

129 2398 248 2472 rantis
265 2408 443 2473 centrum.

178 2512 230 2584 A.
257 2511 396 2595 Recte;
436 2522 474 2584 et
516 2511 602 2607 quia
644 2521 810 2584 centrum
853 2511 1066 2608 quadrantis
1099 2536 1167 2608 pro

129 2636 270 2721 puncto
286 2623 413 2697 haberi
429 2635 565 2722 potest,
589 2624 804 2698 habebimus
826 2638 1006 2721 punctum
1022 2626 1168 2721 punctis

129 2737 261 2809 millies
284 2736 444 2810 millibus
461 2737 613 2833 aequale.
672 2738 757 2810 Jam
786 2737 851 2832 qui
878 2739 1109 2833 tangentium
1131 2750 1170 2811 et

130 2849 333 2923 secantium
356 2850 627 2946 magnitudines
647 2850 843 2937 calculant,
867 2874 934 2946 pro
952 2862 1091 2947 puncto
1108 2874 1170 2923 su-

130 2975 238 3035 munt
256 2963 370 3036 totins
391 2986 498 3036 arcus
521 2962 707 3036 dividendi
734 2974 924 3048 centrum;
950 2976 989 3036 et
1014 2964 1170 3059 proinde

129 3074 343 3149 latitudines
367 3074 547 3149 linearum
575 3079 732 3172 majores
751 3078 864 3173 justo,
888 3100 1031 3173 nempe,
1058 3101 1170 3150 unam

130 3188 267 3262 lineam
301 3188 373 3262 alia
405 3189 575 3262 latiorem
608 3188 761 3273 faciunt,
796 3200 835 3263 et
863 3214 932 3285 pro
964 3190 1171 3264 exilissimis

131 3302 336 3376 sectoribus
352 3301 549 3375 exilissima
565 3313 780 3400 computant
796 3303 1021 3398 rectangula.

180 3412 229 3488 B.
257 3415 427 3488 Secunda
461 3414 626 3488 definitio
661 3428 729 3501 est,
758 3414 857 3489 linea
886 3424 944 3488 est
979 3412 1171 3512 longitudo

133 3554 212 3625 φα»
227 3525 369 3604 nullum
384 3525 493 3600 habet
510 3524 753 3602 latitudinem.
805 3527 1008 3601 Videturne
1025 3525 1146 3599 bona?

181 3642 231 3716 A.
257 3641 422 3714 Minime.
486 3640 582 3714 Nam
613 3642 702 3738 quid
732 3665 824 3738 opus
856 3651 912 3715 est
940 3637 1172 3713 latitudinem

131 3779 270 3852 negare
305 3753 351 3827 de
384 3753 625 3849 longitudine,
666 3756 772 3852 quasi
813 3752 1007 3850 longitudo
1050 3750 1173 3846 aliqua

130 3880 256 3966 posset
271 3879 329 3940 est
344 3865 443 3940 lata?
496 3866 673 3941 Quamvis
696 3868 795 3940 enim
820 3867 923 3939 filum
948 3888 1062 3936 unum
1088 3862 1172 3949 alio,

130 3981 188 4055 vel
205 3980 340 4055 semita
351 4004 427 4053 una
442 3979 514 4052 alia
529 3980 639 4053 latior
656 4003 733 4052 esse
746 3989 881 4075 potest,
895 3990 1019 4051 tamen
1031 3975 1172 4050 miliare

130 4118 245 4169 unum
262 4094 376 4167 latius
396 4117 476 4166 esse
499 4117 575 4167 non
600 4103 723 4189 potest
751 4115 860 4189 quam
889 4089 989 4163 aliud
1019 4090 1171 4163 miliare.

129 4210 196 4285 Est
212 4221 341 4284 autem
359 4231 434 4280 non
451 4207 554 4280 filum
570 4230 639 4280 nec
657 4206 789 4280 semita
801 4205 869 4278 viae
886 4203 1090 4300 longitudo,
1108 4200 1173 4275 sed

129 4325 287 4399 miliare.
351 4319 521 4394 Euclides
549 4345 638 4417 ergo
673 4322 712 4395 in
742 4319 950 4395 definienda
975 4318 1074 4393 linea
1101 4317 1173 4390 hoc
