2946 5010
309 410 358 477 ⁴2
527 421 796 476 uxamuarro
815 422 868 476 nr
886 423 1135 477 suenoni-ro

118 613 270 660 nameus
309 588 408 685 quod
425 599 464 663 et
479 611 609 663 verum
624 601 694 678 est,
712 599 751 663 et
764 587 1000 662 manifestum
1015 589 1105 664 facit
1121 589 1350 664 demonstra-

123 697 267 802 ,ξω
309 702 450 775 tionem
471 713 600 793 totam,
627 704 733 799 cnjns
762 701 949 777 conclusio
975 714 1044 792 est,
1072 702 1156 793 AO,
1184 702 1254 777 BC
1269 728 1353 776 esse

306 814 661 913 intersaepientes,
686 839 765 890 esse
792 815 1143 890 demonstrationem
1170 814 1352 890 directam

306 944 356 998 ms
375 939 451 1000 διάη.
502 929 600 1003 Nam
629 942 824 1028 utramque
853 929 937 1020 AO,
964 930 1032 1004 Bc
1060 929 1240 1026 aequalem
1269 953 1350 1004 esse

308 1039 380 1113 AB
415 1039 707 1117 demonstratum
745 1054 803 1117 est
834 1066 902 1140 per
934 1065 1084 1115 oausmn
1115 1042 1349 1134 efficientem,

308 1176 440 1250 nempe
472 1177 540 1251 per
576 1156 890 1230 constructionem
924 1154 1081 1229 duorum
1113 1155 1348 1247 circulorum,

307 1267 524 1363 permutatis
557 1268 705 1357 centris,
757 1291 867 1366 super
900 1267 1054 1342 eandem
1087 1282 1228 1342 rectam
1261 1270 1346 1344 AB.

308 1378 389 1453 Imo
405 1403 506 1470 vero,
533 1381 662 1455 eadem
688 1382 752 1456 illa
778 1380 1005 1457 constructio
1030 1405 1143 1455 causa
1168 1383 1350 1479 estquod

307 1491 391 1565 duae
407 1493 467 1567 vel
483 1495 629 1590 quotvis
645 1495 753 1569 lineae
774 1506 888 1568 rectae
910 1495 1009 1568 inter
1030 1517 1069 1568 se
1085 1494 1244 1591 aequales
1260 1497 1348 1571 sint.

308 1607 406 1681 Nam
422 1607 559 1698 radius,
577 1632 651 1705 quo
663 1609 822 1682 circulus
834 1608 1066 1698 describitur,
1078 1619 1269 1683 mensurat
1280 1633 1348 1707 per

306 1734 456 1812 ἐφάρμοω
472 1720 684 1795 distantiam
707 1746 730 1795 a
746 1734 874 1797 centro
895 1721 944 1797 ad
960 1720 1292 1795 circumferentiam
1307 1720 1348 1795 in

305 1832 397 1909 locis
422 1833 576 1908 infinitis
601 1834 769 1909 eandem.
820 1835 907 1909 Non
929 1858 1018 1931 ergo
1034 1847 1092 1909 est
1114 1833 1177 1908 illa
1193 1833 1347 1908 demon·

306 1947 447 2022 straudi
464 1947 559 2022 ratio
571 1949 756 2024 ostensiva
770 1967 820 2022 ros
832 1963 885 2021 sn.

358 2059 408 2135 A.
434 2061 564 2158 Neque
576 2061 698 2160 placet
712 2060 804 2136 mihi
817 2061 880 2135 illa
895 2061 976 2157 ipsa
990 2059 1176 2135 distinctio
1193 2058 1345 2135 demon·

305 2175 495 2249 strationis
510 2175 550 2248 in
566 2175 787 2249 ostensivum
804 2185 842 2248 et
859 2173 1092 2247 deductivam
1108 2172 1163 2245 ad
1177 2172 1346 2272 impossi-

306 2287 392 2361 biie.
444 2289 530 2361 Non
548 2288 645 2360 enim
662 2286 829 2383 loquutio
853 2295 909 2358 est
932 2285 1075 2359 doctori
1095 2285 1344 2378 scientiarum,

302 2401 507 2496 praesertim
524 2398 878 2489 mathematicorum,
902 2398 992 2471 satis
1008 2409 1193 2472 accurata.
1247 2399 1344 2474 Nam

303 2511 570 2585 deneonstratio
585 2510 771 2584 ostenwiou
782 2510 881 2583 idem
893 2523 950 2583 est
963 2509 1064 2607 quod
1080 2509 1345 2587 demonstratio

304 2623 602 2698 demonstrativa.
652 2624 720 2697 Est
748 2621 846 2696 enim
875 2623 1002 2712 altera,
1038 2646 1083 2696 ea
1111 2647 1194 2720 quae
1223 2625 1345 2700 tendit

303 2747 405 2811 recta
421 2737 480 2809 via
505 2736 553 2810 ad
574 2737 692 2833 ipsam
711 2737 1022 2833 propositionem
1049 2738 1176 2824 altere,
1199 2761 1343 2835 eaquae

303 2851 423 2924 tendit
439 2849 488 2924 ad
504 2850 829 2924 contradictoriam
854 2851 946 2946 ejus,
963 2851 1034 2939 via,
1059 2850 1191 2946 primo,
1217 2866 1342 2937 recta;

303 2962 447 3053 deinde,
464 2988 531 3059 per
544 2964 834 3053 conversionem,
847 2963 895 3037 ad
907 2963 1195 3059 propositionem
1213 2964 1341 3059 ipsam.

354 3076 403 3149 B.
432 3077 586 3152 Quoties
602 3078 712 3152 audio
729 3100 951 3175 quemquam
974 3076 1096 3150 dicere
1114 3077 1341 3152 demonstra-

302 3188 432 3262 tionem
442 3208 491 3262 τοῦ
503 3204 553 3274 ὅτι,
563 3191 625 3263 vix
634 3215 693 3264 me
704 3191 876 3264 contineo
887 3213 933 3263 ne
944 3188 1167 3286 interrogem
1178 3202 1227 3261 mv·
1239 3203 1283 3263 tn
1298 3212 1341 3276 fn

301 3303 366 3376 sed
393 3327 452 3377 me
478 3304 651 3378 contineo
677 3317 812 3393 tamen,
839 3328 886 3378 ue
911 3303 1012 3402 quod
1036 3329 1164 3378 omnes
1187 3328 1226 3378 se
1247 3305 1341 3379 scire

301 3415 439 3502 dicant,
464 3417 563 3490 solus
586 3417 712 3490 videar
734 3416 918 3513 ignorare.
969 3417 1039 3492 Dic
1066 3441 1167 3514 ergo,
1193 3443 1279 3492 cum
1302 3421 1340 3494 in

300 3529 401 3603 omni
428 3529 740 3603 demonstratione
767 3529 893 3604 dicant
920 3530 1019 3626 quod
1040 3555 1169 3634 verum
1191 3542 1258 3621 est,
1282 3533 1340 3608 vel

300 3643 553 3740 quodfalsum,
580 3643 764 3737 quomodo
781 3667 856 3717 uua
878 3643 1142 3718 demonstratio
1159 3657 1215 3718 est
1232 3646 1338 3742 quod,

297 3757 370 3830 alia
379 3765 543 3855 propter
560 3754 682 3852 qnid?
732 3757 924 3830 Nescimus
953 3757 1051 3830 enim
1079 3757 1179 3853 quod
1201 3781 1260 3831 res
1287 3760 1340 3834 ita

299 3881 367 3958 est,
397 3870 468 3943 nisi
497 3869 653 3942 sciamus
672 3880 838 3967 propter
866 3868 957 3966 quid
983 3870 1036 3944 ita
1066 3883 1145 3954 est;
1168 3872 1275 3966 juxta
1300 3872 1338 3946 id

297 3981 399 4077 quod
433 3981 590 4054 solemus
624 3981 747 4056 dicere
780 3981 1017 4072 Aristotelici,
1047 3984 1145 4057 scire
1178 3995 1237 4058 est
1262 4009 1339 4082 per

299 4118 450 4167 caunum
468 4095 580 4168 scire.

349 4207 398 4280 Α.
425 4205 579 4280 Videtur
591 4207 819 4296 Aristoteles
834 4232 919 4280 cum
934 4206 973 4280 in
993 4208 1158 4304 Physica
1171 4208 1335 4282 animad-

296 4321 466 4394 vertisset
493 4345 567 4394 non
594 4321 766 4396 effectum
792 4345 858 4417 per
882 4344 1030 4396 causam
1049 4322 1249 4418 cognitam,
1270 4322 1335 4398 sed
