2946 5010
487 409 541 460 mr
562 410 731 464 narona
752 410 890 464 1111111.
1129 394 1202 462 265

162 574 293 647 minari
332 575 558 672 (quanquam
592 577 862 673 phaenomenon
896 575 990 649 illud
1031 587 1205 650 constans

162 711 235 759 non
255 688 319 780 sit)
339 713 362 760 a
378 689 521 762 ratione
539 691 698 763 alienum
716 715 790 764 non
808 702 875 778 est,
900 702 937 764 et
964 689 1086 763 dicere
1104 689 1204 784 quod

160 799 358 895 aliquando
386 825 461 891 aer,
488 804 728 898 eparietibus
755 803 891 877 fodinae
914 805 960 876 ab
978 802 1079 876 omni
1096 802 1204 876 simul

161 925 266 1007 parte
302 913 456 1000 efflatus,
490 915 739 989 velocissimus
769 929 806 988 et
835 916 1011 1012 oppositis
1046 914 1206 988 motibus

161 1025 325 1098 fodinam
349 1027 510 1123 impleat.
573 1027 670 1101 Nam
696 1030 825 1101 eadem
856 1029 979 1101 omnia
1008 1039 1208 1124 sequentur

164 1163 244 1234 qoae
262 1139 299 1211 iu
318 1140 530 1234 recipiente.
592 1141 803 1214 Mirandum
834 1142 948 1237 igitur
974 1165 1049 1214 non
1081 1152 1149 1231 est,
1176 1139 1207 1213 si

163 1252 314 1324 effectus
332 1252 405 1324 sint
423 1252 618 1348 utrobique
636 1254 783 1327 similes.

215 1365 263 1438 B.
289 1366 453 1438 Extincti
463 1367 575 1439 semel
589 1368 767 1440 carbones
781 1390 848 1440 cnr
859 1367 1081 1440 reviviscunt
1096 1365 1109 1439 ἓ
1159 1366 1208 1440 Ι11

164 1490 369 1549 cessantem
404 1480 515 1551 semel
545 1480 659 1552 vitam
695 1479 879 1577 quomodo
910 1478 1095 1575 recipiunt
1128 1479 1208 1551 ani-

163 1588 297 1662 malla?

215 1702 263 1776 Α.
290 1702 346 1775 De
366 1727 409 1775 ea
423 1727 463 1776 re
479 1705 567 1800 quid
586 1704 749 1777 sentiunt
760 1704 901 1777 vestri?

215 1816 263 1889 B.
291 1816 406 1889 Fuere
425 1841 552 1889 eorum
575 1817 700 1913 aliqui,
719 1817 782 1911 qui
800 1816 1018 1889 remansisse
1037 1816 1209 1888 dixerunt

164 1928 200 1999 io
221 1929 441 2002 carbonibus
459 1930 540 2018 illis,
565 1953 775 2026 quanquam
806 1929 960 2002 extincti
977 1927 1209 2016 videbantur,

163 2042 361 2137 particulas
382 2043 556 2138 quasdem
574 2045 714 2139 igneas,
734 2067 816 2139 quae
842 2042 1002 2116 admisso
1020 2064 1103 2114 aere
1121 2063 1212 2113 veu-

164 2154 280 2228 tilotae
298 2167 470 2228 caeteram
484 2157 617 2229 molem
635 2157 756 2229 denuo
771 2154 1030 2229 accenderunt.

214 2266 260 2341 A.
288 2269 357 2342 Nae
375 2269 439 2356 illi,
459 2293 542 2364 qnae
555 2268 733 2357 dicerent,
747 2292 821 2341 non
833 2269 1005 2341 videntur
1016 2266 1209 2361 cogitasse,

165 2383 230 2456 sed
260 2383 408 2455 sortitos
440 2406 529 2457 1111.
595 2382 743 2455 Credin'
775 2392 829 2468 tu,
846 2381 883 2452 in
908 2381 1067 2453 carbone
1092 2379 1212 2475 ignito

165 2507 306 2591 partem
322 2497 481 2591 aliquam
499 2521 576 2569 non
594 2496 803 2581 carbonem,
821 2494 886 2566 sed
904 2494 1027 2589 ignem
1040 2515 1131 2581 esse,
1144 2503 1212 2565 aut

165 2611 203 2681 in
222 2607 403 2681 candente
421 2608 519 2682 ferro
540 2620 683 2703 partem
701 2607 820 2680 inesse
845 2605 946 2701 quod
973 2605 1111 2679 ferrum
1135 2629 1211 2679 non

167 2723 226 2816 sit,
241 2723 306 2794 sed
323 2722 418 2817 ignis
433 2722 446 2792 ζ’
497 2723 556 2795 Ab
572 2723 680 2795 unico
697 2720 858 2794 scintilla
875 2743 1018 2815 magnae
1035 2720 1137 2793 urbis
1154 2720 1211 2792 iu-

167 2835 337 2907 cendium
355 2837 458 2908 nasci
488 2846 622 2931 potest.
674 2835 788 2931 Atqui
815 2834 845 2907 si
875 2833 971 2929 ignis
1002 2857 1136 2929 corpus
1164 2834 1211 2906 ab

167 2948 284 3043 ignito
315 2948 499 3021 diversum
517 2949 577 3037 sit,
596 2972 672 3020 non
686 2947 809 3044 plures
826 2959 980 3042 potuere
995 2970 1074 3019 esse
1087 2958 1213 3042 partes

167 3063 284 3157 igneae
302 3063 339 3135 in
355 3077 434 3136 toto
452 3063 635 3151 incendio,
654 3086 765 3159 quam
782 3061 821 3134 in
833 3085 908 3133 una
921 3061 984 3134 illa
1002 3059 1212 3134 scintillula.

167 3176 343 3248 Videmus
366 3199 523 3271 corpora
541 3176 770 3248 diversorum
787 3197 964 3269 generum
982 3197 1005 3244 a
1021 3173 1103 3244 luce
1127 3171 1213 3245 solis

168 3299 326 3384 temper
344 3289 602 3362 refractionem
621 3311 729 3383 quam
742 3287 1067 3383 perreflectionem
1078 3286 1215 3358 factam

168 3403 206 3474 iu
238 3402 393 3498 speculis
425 3401 726 3474 comburentibus
753 3399 906 3472 accendi
934 3422 1067 3494 posse3
1092 3420 1214 3493 neque

169 3528 292 3588 tamen
311 3539 519 3612 quenquam
544 3536 623 3586 esse
651 3511 774 3601 eredo,
793 3511 856 3608 qui
885 3520 992 3608 putet
1014 3509 1215 3606 particulas

168 3629 307 3723 igneas,
326 3653 348 3700 a
366 3628 442 3701 sole
465 3629 611 3723 ejectas,
630 3627 787 3699 transire
815 3648 923 3721 posse
947 3647 1013 3720 per
1045 3623 1213 3695 snbstan-

170 3743 259 3815 tiam
280 3741 420 3838 globuli
438 3739 640 3813 cristallini.
694 3740 737 3811 lu
768 3762 851 3811 aere
879 3735 1098 3811 intermedio
1119 3734 1215 3830 ignis

169 3855 290 3927 nullus
308 3867 375 3927 est.
428 3855 554 3926 Motus
572 3866 696 3925 autem
715 3853 754 3924 in
772 3850 937 3947 partibus
959 3847 1215 3922 minutissimis

170 3969 333 4062 corporis
360 3966 639 4055 combustibilis,
666 3966 696 4039 si
725 3966 808 4038 talis
836 3965 884 4037 sit
913 3974 955 4035 ut
983 3974 1108 4058 partes
1134 3960 1217 4032 illas

170 4081 330 4153 minutas
346 4082 398 4152 ita
412 4078 564 4175 dissipet
582 4092 619 4151 et
637 4078 795 4173 disjiciat
812 4088 853 4149 ut
870 4099 990 4148 aerem
1003 4073 1051 4146 ad
1068 4071 1216 4145 oculum

171 4196 258 4267 satis
276 4193 423 4266 sortiter
446 4203 605 4277 moveat,
620 4191 739 4263 ideam
758 4189 854 4284 ignis
872 4188 994 4276 faciet,
1013 4210 1088 4259 non
1109 4184 1217 4257 aliter

171 4332 280 4404 quam
309 4305 416 4379 oculo
434 4305 669 4378 vehementer
692 4326 866 4399 percusso
880 4302 938 4374 vel
965 4302 1097 4375 fricato
1128 4297 1217 4372 oriri
