2946 5010
380 438 435 490 uu
455 435 759 491 mnsnmunrna
780 434 965 488 crucum.
1123 417 1197 484 363

153 605 370 705 pleaturque
393 604 611 700 quadratam
640 600 794 685 Auem
820 611 859 675 et
884 598 1113 697 producatur
1134 597 1199 673 ΟΡ

155 722 204 796 ad
222 721 287 794 DC
306 719 345 792 iu
362 743 395 809 o,
413 730 452 791 et
474 717 534 790 oP
551 716 599 790 ad
616 714 679 787 BC
699 715 739 787 iu
755 738 793 809 y,
811 715 953 810 eritque
970 736 1024 809 op
1042 710 1200 808 quadra·

156 849 247 922 tum,
266 844 304 906 et
322 832 387 904 Ho
406 829 615 904 differentia
630 828 730 902 inter
742 828 804 900 Do
821 840 860 900 et
875 828 960 913 ΒΗ,
975 826 1085 899 idest
1102 824 1200 897 inter

156 943 477 1041 semidiagonalem
495 954 533 1015 et
547 939 793 1014 semiradium.
828 940 951 1013 Docta
961 950 1087 1012 autem
1099 947 1201 1010 recta

157 1061 237 1148 LN,
256 1069 366 1132 eruut
391 1056 516 1153 auguli
541 1054 652 1142 CLN,
672 1053 774 1149 cry,
791 1052 895 1149 pce,
914 1051 999 1126 CPo
1016 1047 1201 1124 semirecti

158 1172 329 1270 aequales.
378 1168 702 1243 Transibitautem
720 1166 787 1240 LN
804 1188 871 1263 per
891 1167 1073 1262 Pequare
1091 1171 1201 1236 eruut

159 1287 231 1385 Ly,
248 1285 322 1381 yO,
340 1284 408 1372 Po,
425 1282 495 1368 Co,
520 1282 599 1364 οΝ,
622 1301 750 1353 omnes
773 1279 872 1352 inter
894 1301 933 1352 se
954 1277 1137 1373 aequules;
1162 1290 1202 1350 et

159 1421 387 1495 unaquaeque
418 1419 545 1470 earum
579 1393 738 1467 semissis
768 1403 880 1466 rectae
911 1391 975 1463 CL
1005 1391 1081 1464 sive
1113 1389 1201 1478 CM,

159 1513 361 1607 eademque
381 1508 529 1605 aequalis
557 1506 776 1579 differentiae
800 1505 897 1578 inter
924 1504 990 1577 Dc
1008 1513 1045 1576 et
1065 1504 1127 1575 Do
1144 1502 1203 1577 vel

163 1626 239 1702 ΟΡ.
292 1626 358 1698 Est
382 1635 506 1696 autem
525 1620 582 1694 Co
609 1620 657 1700 ad
685 1621 750 1692 Ho
767 1632 811 1693 ut
835 1618 900 1693 DC
916 1618 966 1692 ad
982 1618 1055 1706 Do,
1073 1616 1133 1691 vel
1162 1628 1204 1690 ut

161 1740 222 1812 Do
239 1737 287 1810 ad
300 1737 386 1826 DH,
412 1735 471 1808 vel
491 1746 532 1808 ut
549 1734 609 1807 sl>
632 1733 679 1808 ad
698 1734 765 1808 Co.
818 1733 1001 1809 Quoniam
1025 1755 1115 1827 ergo
1141 1729 1206 1802 CL

162 1866 220 1925 est
235 1850 385 1947 aequalis
403 1847 525 1944 duplae
540 1847 609 1936 Co,
627 1848 697 1921 erit
715 1847 774 1921 ΟΡ
787 1846 898 1944 dupla
912 1845 989 1935 llo,
1004 1845 1206 1938 eademque

163 1965 284 2038 media
310 1964 407 2037 inter
430 1963 489 2035 Co
506 1962 588 2059 plus
605 1963 662 2035 oP
683 1961 810 2055 (idest
834 1961 922 2055 CM)
943 1970 981 2034 et
1000 1960 1119 2056 ipsam
1136 1957 1205 2032 Co.

607 2183 768 2236 nummu.

218 2300 257 2374 Si
275 2300 417 2374 numeri
441 2299 577 2396 integri
594 2300 775 2396 quotlibet
790 2300 1116 2396 proportionaliter
1140 2301 1207 2376 mi-

167 2425 329 2487 nuantur
345 2413 385 2486 iu
402 2413 546 2485 ratione
564 2423 586 2486 2
604 2412 652 2486 ad
684 2421 715 2501 l,
733 2412 914 2486 maximus
938 2413 1102 2486 omnium
1125 2437 1211 2488 cou-

167 2525 403 2623 sequentibus
430 2525 599 2598 omnibus
634 2548 719 2598 cum
748 2538 936 2621 assumpta
965 2525 1109 2600 unitate
1138 2527 1212 2601 erit

168 2639 331 2735 aequslis.
383 2637 551 2733 Exempli
569 2660 693 2726 causa,
717 2637 757 2711 iu
774 2637 934 2712 numeris
957 2646 1014 2712 16.
1028 2646 1064 2713 8.
1078 2650 1114 2712 4.
1126 2649 1162 2714 2.
1178 2649 1211 2729 l,

169 2763 436 2849 consequentes
453 2775 580 2825 omnes
598 2750 707 2825 simul
731 2751 868 2848 sumpti
886 2762 973 2826 suut
995 2762 1051 2842 15,
1069 2753 1130 2827 cui
1146 2751 1212 2827 ad-

170 2868 247 2941 dita
264 2867 385 2940 unitas
402 2865 491 2939 lacit
509 2877 552 2939 ut
575 2864 623 2939 sit
646 2865 798 2962 aequslis
825 2865 986 2939 maximo
1010 2874 1064 2940 16.
1118 2866 1213 2940 Item

170 2982 206 3053 in
226 2980 284 3053 bis
299 2985 334 3052 8.
349 2992 385 3053 4.
398 2988 433 3052 2.
452 2988 482 3065 1,
495 2989 761 3074 consequentes
780 2977 887 3051 simul
905 2979 1042 3074 sumpti
1060 2988 1148 3052 sunt
1164 2983 1187 3061 7
1202 3005 1212 3050 ε

53 3147 59 3165 .
171 3117 279 3188 quem
298 3115 491 3165 numerum
509 3090 636 3164 addita
651 3091 775 3164 unitas
797 3089 885 3165 facit
909 3091 1086 3189 aequalem
1111 3113 1214 3164 max·

172 3207 246 3277 imo
265 3213 300 3276 8.
353 3202 512 3277 Quodsi
531 3204 675 3276 numeri
692 3215 927 3299 quotcunque
945 3205 1158 3278 minuantur
1174 3203 1215 3278 iu

173 3317 315 3388 ratione
340 3325 363 3387 3
389 3314 437 3387 ad
470 3323 499 3401 1,
536 3327 624 3387 tunc
654 3328 921 3411 consequentes
951 3339 1078 3390 omnes
1106 3314 1216 3389 simul

174 3429 310 3523 sumpti
328 3452 411 3501 cum
430 3426 583 3499 dimidio
598 3427 750 3516 minimi,
769 3428 927 3524 aequsles
940 3442 1050 3502 erunt
1064 3428 1216 3502 dimidio

175 3540 346 3624 maximi;
373 3554 416 3612 ut
430 3539 468 3612 in
486 3538 543 3610 bis
562 3542 725 3613 numeris
744 3547 804 3623 27.
818 3549 854 3613 9.
868 3550 902 3614 3.
923 3552 954 3630 1,
969 3542 1149 3615 maximus
1167 3547 1215 3624 27

176 3653 308 3749 duplus
327 3667 383 3726 est
399 3661 553 3726 94341
585 3651 711 3725 addito
729 3654 761 3742 l,
779 3654 841 3750 qui
869 3677 1042 3729 uumerus
1060 3669 1117 3729 est
1138 3665 1216 3745 134,

175 3766 334 3839 semissis
352 3766 526 3851 maximi3
552 3778 592 3838 et
615 3766 653 3840 in
677 3766 734 3840 bis
751 3773 939 3849 274943
964 3780 1002 3843 et
1025 3768 1153 3842 addito
1168 3765 1216 3859 -ξ,

177 3892 441 3975 consequentes
459 3903 532 3951 una
550 3876 680 3970 cum÷
699 3891 787 3954 sunt
803 3881 964 3956 semissis
988 3881 1138 3955 maximi
1155 3888 1217 3965 27.

178 3993 241 4065 Sin
261 3994 403 4065 numeri
420 3992 597 4088 quotlibet
616 3995 939 4089 proportionaliter
955 3996 1168 4069 minuantur
1179 3995 1219 4068 iu

178 4106 321 4179 ratione
338 4116 360 4178 4
380 4105 428 4178 nd
445 4115 475 4193 1,
494 4119 762 4201 consequentes
779 4109 887 4182 simul
904 4133 1031 4183 omnes
1048 4133 1220 4183 unacum

179 4219 289 4292 tertia
306 4232 409 4314 parte
427 4218 568 4291 minimi
585 4231 693 4293 erunt
711 4221 821 4294 tertia
839 4245 921 4318 pars
934 4223 1104 4295 maximi:
1122 4238 1165 4296 ut
1180 4221 1220 4295 iu

177 4332 235 4407 his
253 4333 414 4407 numeris
437 4342 610 4407 164441
633 4333 759 4409 addito
778 4341 810 4424 l,
829 4347 1095 4433 consequentes
1112 4334 1220 4409 simul

1237 620 1321 661 error.
1337 619 1382 660 111.

1238 688 1381 724 κ-Ὺ-ό
