2946 5010
447 461 500 512 nu
521 460 690 514 narona
709 459 845 513 nnsis.
1087 445 1157 512 281

122 636 246 699 autem
264 624 324 698 ille
345 624 459 721 (quod
483 626 619 701 attinet
641 626 689 700 ad
703 628 819 701 maria
833 625 1039 722 congelata)
1055 624 1161 699 facile

123 739 331 836 concipitur
354 763 432 813 esse
450 752 570 813 motus
588 740 682 814 aeris
704 743 913 829 vehemens,
931 763 1108 813 oceanum
1125 749 1163 812 et

124 863 260 925 terram
273 851 507 949 undiquaque
521 853 683 928 radentis
696 877 763 952 per
775 853 931 927 circulos
941 851 1163 926 meridianos

124 963 163 1037 in
181 964 274 1061 polis
293 965 470 1060 oppositis
488 979 761 1041 concurrentes,
812 967 910 1040 Talis
924 965 1022 1039 euim
1041 977 1164 1040 motus

124 1077 219 1150 aeris
235 1102 342 1174 aquae
359 1079 557 1174 particulas
576 1103 736 1154 summas
754 1078 975 1177 protrudens
998 1079 1164 1176 compin-

124 1191 192 1287 git,
210 1190 330 1281 idest,
348 1204 466 1265 totam
488 1192 578 1266 facit
600 1192 806 1267 duriorem:
834 1193 1013 1290 simulque
1034 1216 1164 1265 unam-

124 1327 306 1400 quamque
323 1304 541 1401 particulam
555 1330 577 1378 a
594 1318 722 1380 centro
741 1320 850 1380 terrae
867 1306 984 1402 magis
1001 1317 1166 1380 removet

127 1440 236 1512 quam
267 1429 406 1513 quanta
432 1429 488 1491 est
512 1430 622 1496 terrae
656 1419 936 1493 semidiameter.
1005 1418 1165 1493 Necesse

126 1553 214 1626 ergo
240 1543 297 1603 est
314 1531 379 1604 tali
405 1543 508 1605 motu
534 1533 629 1607 aeris
655 1534 854 1630 particulas
871 1556 977 1629 aquae
1003 1555 1165 1607 summas

126 1644 391 1740 aliquantulum
408 1645 599 1719 sustiueri:
627 1646 725 1719 unde
753 1657 835 1720 tota
857 1669 953 1742 aqua
974 1657 1168 1743 compacta

126 1759 201 1831 sive
218 1758 412 1854 congelata
427 1758 594 1831 redditur
606 1759 733 1833 levior.
784 1759 931 1832 Interea
946 1782 1033 1831 vero
1051 1757 1168 1832 atomi

126 1870 197 1944 illae
216 1882 346 1944 terreae
364 1882 465 1944 motu
491 1896 557 1944 suo
576 1871 744 1945 circulari
769 1871 933 1968 simplice
956 1882 1167 1967 compactas

126 2008 232 2080 aquae
265 1984 464 2081 particulas
496 2008 622 2058 omnes
652 1983 760 2058 simul
789 1984 1016 2070 concutiunt,
1046 1983 1098 2057 ita
1122 1995 1169 2058 ut

127 2096 228 2170 nulla
245 2099 323 2193 ejus
340 2121 424 2193 pars
444 2096 582 2169 moveri
607 2096 724 2193 possit
751 2095 830 2168 sine
860 2095 1020 2192 reliquis,
1037 2095 1076 2168 id
1099 2105 1168 2185 est,

127 2233 259 2306 aquam
294 2220 410 2282 totam
442 2209 572 2281 duram
599 2208 751 2281 faciunt.
811 2206 987 2280 Similiter
1013 2208 1050 2281 in
1081 2231 1168 2281 vase

126 2321 260 2394 accidit
278 2321 360 2394 nive
377 2333 414 2395 et
432 2322 507 2394 sale
525 2321 764 2395 circumdato.
817 2320 913 2393 Nam
942 2320 1167 2418 liquescente
1271 2339 1274 2351 ·

125 2435 221 2522 nive,
241 2434 359 2531 quiin
385 2434 468 2507 nive
487 2446 541 2507 est
557 2458 631 2523 aer,
646 2433 780 2521 exiens
805 2434 1034 2530 superficiem
1059 2434 1168 2507 undi-

127 2571 271 2643 quaque
285 2549 382 2621 radit
399 2550 494 2621 vasis
508 2572 641 2644 aquam
656 2545 889 2633 continentis,
904 2559 942 2618 et
955 2546 1109 2619 eundem
1128 2548 1169 2622 in

126 2685 223 2757 aqna
234 2661 404 2756 producit
417 2662 586 2733 effectum
599 2684 707 2756 quem
725 2658 835 2731 modo
854 2657 1111 2755 descripsimus
1128 2661 1168 2736 in

127 2774 379 2868 congelatione
409 2775 578 2864 marium,
605 2797 748 2870 nempe,
775 2772 949 2845 leviorem
974 2797 1106 2870 aquam
1132 2785 1170 2850 et

127 2887 312 2960 duriorem
330 2887 429 2961 facit.
483 2888 745 2984 Diaphaueitas
764 2896 886 2959 autem
913 2888 1075 2976 (namet
1097 2888 1169 2961 hoc

127 3011 257 3074 notatu
275 3001 427 3096 dignum
446 3005 515 3093 est)
528 3000 793 3096 aliquantulum
811 3001 999 3088 minuitur,
1018 3014 1173 3097 propter

128 3115 221 3188 aeris
247 3139 330 3187 cum
360 3138 456 3209 aqua
485 3138 626 3186 summa
654 3114 873 3186 mistionem.
936 3112 1170 3208 Diaphanum

128 3228 226 3300 enim
267 3251 375 3300 omne
415 3250 481 3322 per
522 3227 681 3322 partium
721 3226 941 3320 positionem
981 3226 1169 3298 turbatam

128 3340 292 3413 albescit.

178 3454 226 3526 B.
254 3453 486 3549 Diaphanum
499 3465 622 3525 autem
640 3475 662 3524 a
679 3452 827 3525 turbato
841 3451 913 3525 situ
927 3450 1086 3547 partium
1104 3473 1173 3524 cur

129 3566 304 3640 albescit?
357 3567 441 3639 Scio
470 3565 618 3661 quidem
636 3565 782 3653 vitrum,
800 3564 838 3637 in
862 3576 984 3660 partes
1011 3562 1170 3637 minutas

130 3681 341 3768 contritum,
352 3704 426 3752 non
441 3678 596 3776 amplius
611 3678 833 3774 diaphanum
846 3700 937 3766 esse,
949 3676 1014 3751 sed
1023 3677 1170 3762 album;

130 3807 237 3865 etex
264 3817 369 3888 aquae
400 3792 589 3887 particulis
616 3790 798 3864 conflictis
825 3790 961 3863 factam
992 3812 1171 3885 spumam,

130 3906 251 3978 albam
269 3930 372 3989 esse;
399 3920 437 3977 et
460 3905 577 3979 multa
597 3904 737 3978 similia.
790 3904 971 3976 Praeterea
989 3902 1173 3999 diaphana

131 4020 254 4090 omnia
270 4019 385 4113 polita
402 4042 479 4091 esse
503 4018 590 4107 scio,
609 4029 647 4090 et
671 4016 923 4111 homogenea;
950 4029 988 4089 et
1004 4016 1172 4112 proinde,

130 4145 217 4227 apta
234 4156 312 4204 esse
330 4132 377 4205 ad
395 4133 517 4205 radios
535 4132 626 4205 lucis
649 4131 702 4204 ita
724 4129 978 4227 reflectendos,
995 4141 1038 4203 ut
1059 4129 1173 4203 lucidi

131 4256 254 4340 partes
277 4269 342 4317 sno
369 4244 497 4318 ordine
521 4245 625 4341 quasi
651 4243 861 4339 pingantur,
886 4240 1096 4338 faciantque
1115 4253 1193 4318 to··

131 4359 202 4430 tius
220 4357 377 4454 speciem
395 4357 628 4442 distinctam3
660 4355 724 4430 sed
742 4355 872 4452 ignoro
890 4378 1050 4430 causam.
