2946 5010
333 419 402 484 116
547 432 817 486 examinatio
835 434 887 486 nr
904 433 1152 486 nunnnamo

138 624 292 667 ommno
327 610 515 694 sequente,
535 599 601 671 nbi
623 598 866 694 multiplicare
882 611 922 672 et
938 598 1101 672 dividere
1114 598 1224 672 docet
1240 598 1370 672 Walli

141 705 287 811 ,ᾗ
325 713 402 784 sius
417 711 613 807 algebriee.

377 824 426 897 A.
453 824 718 920 Operationum
759 825 890 897 harum
931 848 1051 921 neque
1084 824 1123 897 in
1156 848 1202 896 eo
1235 826 1369 920 eapite,

326 960 446 1029 neque
463 937 501 1009 in
520 949 602 1011 toto
620 939 690 1011 hoc
701 962 824 1035 opere,
839 937 910 1010 etsi
920 939 966 1010 ab
981 938 1044 1010 illo
1058 936 1266 1034 appellatur
1276 963 1369 1036 opat

326 1049 595 1122 arithmeticum
613 1051 811 1149 integram,
827 1074 875 1122 ne
891 1051 1030 1124 mentio
1042 1050 1190 1146 quidem
1207 1051 1285 1124 nlla
1300 1062 1368 1125 est.

326 1161 430 1234 Nihil
447 1164 545 1236 enim
562 1163 661 1236 aliud
680 1165 763 1238 istic
780 1163 901 1252 docet,
919 1187 1029 1260 qnam
1058 1163 1303 1260 multiplicare
1332 1176 1369 1238 et

325 1274 488 1349 dividere
501 1277 679 1373 symbola,
689 1288 732 1349 nt
742 1277 894 1349 cuilibet
906 1276 1142 1349 manifestum
1155 1291 1370 1373 essepotest

327 1389 390 1484 qni
403 1402 513 1485 eaput
530 1389 622 1463 illud
638 1390 768 1484 legerit
788 1417 798 1479 ;
824 1401 862 1463 et
888 1390 969 1462 baec
996 1413 1141 1485 qnoque
1171 1413 1218 1462 ex
1240 1391 1369 1487 Ough-

325 1503 432 1577 tredo
460 1517 499 1577 et
525 1504 737 1600 Digghesio.
791 1504 920 1599 ltaque
949 1514 1063 1599 capnt
1089 1503 1193 1592 illud,
1222 1527 1368 1600 nempe,

327 1616 449 1712 Caput
460 1641 535 1704 xx,
550 1618 809 1690 transiliamus.
863 1616 984 1690 Etiam
999 1616 1120 1712 Caput
1131 1616 1220 1705 xxi,
1237 1618 1277 1691 in
1295 1643 1368 1715 quo

325 1729 403 1825 agit
420 1729 467 1802 de
484 1729 799 1826 multiplicationis
815 1741 854 1801 et
866 1728 1055 1802 divisionis
1077 1729 1367 1824 probationibus,

324 1866 530 1938 possumus,
548 1868 633 1916 cum
650 1843 742 1916 nihil
768 1843 956 1916 contineat
982 1866 1103 1939 neque
1129 1843 1217 1916 boni
1248 1867 1367 1940 neque

324 1956 424 2044 mali,
441 1969 485 2030 nt
501 1957 702 2029 innocuum
719 1955 869 2052 quidem
886 1955 951 2028 sed
973 1955 1102 2029 inutile
1125 1956 1204 2029 sine
1232 1956 1367 2031 damno

324 2071 525 2165 praeterire.
579 2070 702 2166 Caput
714 2071 801 2142 xxii.
820 2070 986 2143 continet
1003 2068 1319 2165 multiplicationis
1331 2081 1367 2144 et

325 2182 514 2256 divisionis
526 2182 791 2256 exercitiumin
804 2180 1101 2254 mensurandiset
1111 2183 1367 2277 comparandis

323 2296 568 2392 rectangnlis3
595 2295 635 2367 in
660 2320 734 2391 qno
748 2294 839 2366 nihil
856 2294 1005 2390 quidem
1022 2294 1178 2390 reperio,
1203 2294 1304 2392 quod
1325 2306 1367 2369 ut

323 2408 455 2481 salsum
473 2406 770 2503 redarguendum
786 2407 856 2491 sit;
882 2406 1007 2480 omnia
1031 2430 1119 2480 vere
1143 2408 1313 2503 puerilia,
1330 2420 1367 2482 et

324 2545 399 2593 non
421 2521 637 2609 necessaria,
656 2519 778 2592 facilia
807 2532 943 2608 tamen,
968 2519 1169 2615 eademqne
1186 2522 1366 2595 verbosis-

325 2635 416 2707 sime
433 2645 475 2706 ut
492 2634 615 2729 pneris
633 2634 769 2729 scripta
783 2646 879 2706 sunt.
923 2634 1100 2729 Sequitur
1114 2634 1235 2729 Caput
1252 2635 1365 2725 xxiii,

325 2749 383 2818 cni
416 2747 556 2834 titulus,
575 2746 748 2818 Euclidia
765 2747 996 2820 Elementum
1028 2748 1225 2820 secundum
1248 2748 1366 2820 orith-

324 2859 452 2930 metice
486 2860 788 2948 demonstratum,
822 2859 943 2946 idest,
977 2872 1020 2932 nt
1053 2883 1140 2932 mox
1162 2860 1365 2956 subjungit,

325 2981 437 3044 totum
441 2972 536 3069 sere
550 2970 778 3043 Elementam
790 2972 998 3044 secundum.
1027 2973 1123 3045 Nam
1137 2972 1367 3046 demonstrat
1402 3051 1405 3057 ,

324 3086 553 3159 theoremata
575 3084 694 3180 prima
721 3097 866 3157 tantum
892 3084 1030 3158 decem.
1084 3084 1157 3158 Sed
1180 3085 1366 3181 quomodo

326 3196 578 3270 demonstrat?
617 3198 824 3270 Tbeorema
837 3197 996 3292 primum
1009 3221 1075 3293 per
1093 3199 1260 3294 symbola
1277 3199 1366 3272 scri·

323 3312 401 3394 bit;
428 3324 465 3384 et
482 3335 548 3407 pro
566 3310 664 3383 omni
684 3323 914 3407 argumento,
934 3318 1058 3407 patet,
1077 3309 1210 3406 inquit,
1228 3336 1276 3383 ex
1288 3311 1363 3385 ool·

374 3540 423 3612 B.
450 3539 509 3611 An
524 3537 726 3633 pleniorem
744 3536 859 3631 exigis
878 3534 1241 3624 demonstrationem,
1256 3559 1366 3632 quam

324 3664 380 3725 est
398 3651 584 3725 calculus?

375 3766 423 3839 A.
451 3765 616 3838 Minime.
670 3761 743 3834 Sed
757 3786 841 3834 cum
858 3759 996 3832 eaedem
1013 3760 1283 3855 propositiones
1301 3785 1366 3857 per

324 3878 503 3952 calculum
521 3877 783 3949 demonstratae
800 3886 928 3947 extent
945 3872 1042 3968 apud
1062 3873 1241 3964 Clarium,
1257 3898 1365 3971 quor·

322 4014 403 4064 sum
421 3990 571 4063 attinuit
585 3989 740 4061 aliorum
757 3987 918 4060 laborem
933 3999 1136 4076 σφετερίζεσθαι
1151 3985 1163 4057 ?

372 4104 420 4176 B.
448 4105 616 4176 Fortasse
630 4102 691 4174 ille
709 4101 854 4173 brevius
871 4123 933 4172 eas
952 4099 1232 4173 demonstravit.

373 4216 422 4290 Α.
448 4217 608 4289 Tantum
643 4215 746 4286 abest
773 4224 814 4285 ut
849 4213 1180 4286 demonstrationes
1208 4212 1365 4286 Wallisii

322 4330 508 4405 breviores
539 4330 613 4402 sint
647 4328 717 4400 illis
756 4326 883 4416 Clavii,
919 4350 1126 4425 quanquam
1166 4326 1365 4424 symbolice
