2946 5010
360 426 673 480 marnauurrcn
693 427 936 479 nonrnnum.
1130 411 1173 488 17

133 589 255 686 aliquo
273 605 497 669 mensurato.
548 594 697 690 Alioqui
710 595 908 690 quaerentis
926 594 1068 667 animus
1080 593 1173 667 nihil
1208 624 1359 668 oramate

131 704 254 795 habet,
269 706 307 778 in
323 730 396 803 quo
410 707 630 804 acquiescat,
646 708 941 782 determinatum.
984 708 1070 780 Non
1086 718 1173 782 sunt
1211 706 1355 810 ,ἆῤ

132 840 219 915 ergo
248 819 456 916 longitudo,
484 821 706 917 superficies,
739 821 908 909 solidum,
942 821 1173 918 quantitates

132 932 233 1027 ipsae,
256 933 322 1006 sed
339 943 493 1030 quanta,
510 934 569 1007 vel
586 935 721 1029 potius,
739 936 818 1009 sine
835 935 1043 1009 scholarum
1061 936 1172 1009 etiam

132 1045 366 1141 antiquarum
383 1047 619 1137 barbarismo,
638 1056 754 1120 tanta.

181 1157 232 1231 B.
260 1158 362 1231 Nihil
379 1159 485 1232 video
502 1159 769 1256 propterquod
786 1160 866 1234 haec
883 1184 958 1234 non
975 1159 1049 1234 sint
1066 1184 1171 1236 accu-

132 1284 213 1342 rate
230 1270 340 1344 dicta.
393 1272 467 1346 Sed
484 1273 572 1369 quid
589 1273 674 1346 inde
692 1273 834 1346 infers?

178 1382 225 1455 A.
254 1385 354 1458 Istuc
371 1386 502 1475 insero,
519 1398 676 1483 tempus,
694 1387 827 1476 locum,
843 1399 996 1479 motum,
1013 1387 1169 1483 pondus,

129 1520 205 1570 non
233 1499 354 1572 minus
380 1501 528 1597 proprie
552 1502 779 1597 quantitates
805 1500 889 1588 dici,
920 1524 1030 1597 quam
1059 1500 1169 1590 linea,

130 1611 353 1706 superficies,
381 1625 419 1686 et
449 1613 617 1687 solidum.
688 1615 784 1688 Cum
813 1616 911 1687 enim
937 1638 1058 1712 neque
1088 1616 1169 1689 haec

128 1746 249 1818 neque
268 1723 331 1796 illa
347 1726 573 1821 quantitates
590 1727 675 1815 sint,
693 1726 758 1800 sed
785 1738 933 1822 quanta,
951 1751 1056 1824 aeque
1083 1738 1169 1800 suut

127 1848 286 1933 utraque
304 1839 539 1933 quantitates.
592 1839 757 1935 Cumque
775 1852 851 1912 tam
874 1839 937 1911 illa
960 1864 1074 1936 quam,
1088 1840 1168 1913 haec

128 1950 372 2044 quantitatem
389 1951 559 2042 habeant,
586 1965 672 2025 sunt
702 1976 806 2048 aeque
832 1964 989 2047 utraque
1017 1965 1166 2048 quanta.

129 2062 253 2137 Quare
287 2063 326 2137 in
354 2064 567 2138 definitione
601 2065 671 2137 hac
694 2064 905 2138 Matheseos
938 2063 1167 2152 universalis,

126 2176 218 2248 nihil
246 2187 304 2249 est
330 2201 449 2273 neque
476 2186 588 2269 ἀκριβὲς
614 2201 734 2274 neque
761 2187 848 2264 ὑγιὲς.
910 2177 1030 2249 Multa
1056 2177 1168 2250 habet

124 2288 364 2362 Archimedes
392 2290 557 2363 inlibris
586 2291 661 2364 suis
691 2314 757 2387 per
785 2303 928 2363 motum
961 2301 998 2362 et
1025 2302 1168 2386 tempus

125 2400 388 2492 demonstrata,
408 2427 491 2499 quae
508 2413 632 2476 tamen
652 2428 699 2476 ne
713 2402 897 2476 Wallisius
916 2402 1064 2498 quidem
1077 2404 1167 2499 ipse,

125 2514 250 2605 credo,
274 2515 424 2611 negabit
447 2539 526 2588 esse
553 2528 590 2588 et
612 2516 706 2589 bene
730 2514 982 2589 demonstrata
1007 2527 1045 2589 et
1075 2540 1166 2612 pure

123 2628 396 2702 mathematica.

173 2738 221 2815 B.
249 2742 351 2818 Quid
376 2742 563 2816 Wallisius
591 2756 791 2838 negaturus
817 2743 866 2818 sit
895 2743 1030 2816 nescio.
1092 2742 1166 2816 Sed

125 2864 283 2952 tempus,
299 2855 413 2946 locuS,
433 2867 516 2943 etc,
534 2857 624 2929 mihi
650 2856 798 2952 quidem
821 2856 994 2929 videntur
1020 2856 1161 2951 quanti-

124 2978 221 3042 tates
237 2992 313 3041 non
336 2969 457 3041 minus
478 2970 624 3065 proprie
649 2969 768 3058 dicta,
796 2993 907 3066 quam
936 2967 1164 3064 magnitudo,

125 3092 164 3153 et
190 3104 388 3164 numerus;
414 3104 483 3154 nec
510 3082 696 3177 quantitas
727 3105 751 3155 a
777 3081 1030 3178 magnitudine
1059 3081 1167 3155 aliter

126 3192 317 3289 distingui,
340 3193 411 3265 nisi
436 3195 536 3290 quod
562 3219 628 3290 per
657 3195 901 3290 quantitatem
928 3194 1167 3290 intelligimus

126 3304 369 3379 determinate
401 3318 559 3392 tantum,
600 3306 814 3403 magnitudo
851 3318 974 3380 autem
1012 3329 1084 3379 vox
1120 3307 1167 3379 sit

125 3417 328 3491 indefinita
397 3418 514 3491 Video
547 3419 637 3492 item
667 3419 822 3492 alteram
851 3432 936 3516 post
965 3418 1168 3492 adhibitam

125 3554 333 3606 mensuram
347 3533 731 3629 comparationemque
745 3556 827 3606 cum
843 3533 915 3606 alio
927 3543 1012 3606 actu
1023 3555 1168 3627 semper

125 3644 219 3730 dici;
246 3645 399 3719 alteram
427 3669 501 3718 non
532 3669 686 3742 semper.
748 3646 823 3719 Sed
849 3644 1017 3718 desidero
1045 3642 1166 3717 adhuc

124 3759 378 3834 definitionem
395 3784 583 3833 mmrarae.
636 3759 848 3832 Mirandum
876 3759 975 3832 enim
998 3769 1103 3846 esset,
1135 3757 1166 3830 si

124 3873 188 3970 qui
217 3872 443 3969 geometria,
475 3897 584 3968 quam
612 3873 691 3945 sine
721 3873 994 3945 mensuratione
1021 3872 1166 3967 assequi

123 4010 233 4060 nemo
263 3998 399 4082 potest,
437 3987 557 4082 prima
585 3985 766 4082 principia
795 3987 929 4081 posuit,
962 4010 1167 4058 mensuram

122 4123 305 4197 nusquam
323 4098 522 4173 definisset.

171 4213 222 4288 A.
250 4211 427 4286 Definitio
444 4212 577 4311 partis
598 4210 781 4304 (subaudi,
807 4210 999 4308 aliquota)
1030 4211 1168 4284 tradita

122 4327 168 4401 ab
191 4324 347 4400 Euclide
367 4325 474 4399 initio
497 4325 677 4398 Elementi
702 4324 833 4420 quinti,
862 4324 988 4421 paucis
1015 4325 1167 4398 mutatis

223 4460 320 4512 von.
340 4460 396 4511 tv.
1044 4461 1067 4510 c
