2946 5010
344 441 660 494 nuruumnrrcm
681 442 927 494 namneum.
1126 430 1168 495 15

125 609 285 684 scribere
315 610 373 682 vel
404 609 583 683 disserere
613 622 784 684 accurate
811 611 994 699 nesciunt,
1025 609 1169 704 quoties
1206 637 1357 679 ammons

125 721 459 817 reprehenduntur,
473 723 542 795 hac
557 722 769 796 defensione
784 724 839 796 uti
853 724 983 811 solent,
999 746 1075 795 non
1092 745 1170 796 esse
1210 719 1354 821 ,ζα

124 833 346 930 litigandum
365 835 410 906 de
428 835 561 922 verbis
586 835 650 908 ubi
669 859 727 908 res
745 847 914 917 constat;
942 859 1028 908 cum
1046 847 1171 908 tamen

126 947 173 1020 de
196 947 354 1019 veritate
377 948 432 1020 rei
455 948 526 1020 nisi
552 949 836 1021 accuratissimis
857 948 978 1021 verbis
1002 960 1171 1022 constare

126 1083 202 1133 nou
219 1060 346 1156 possit.
399 1060 486 1134 Non
513 1085 636 1134 moror
660 1086 748 1158 ergo
772 1063 939 1136 homines
957 1062 1038 1134 illos
1056 1062 1172 1135 ambi-

126 1173 220 1246 tiose
244 1196 385 1268 graves,
411 1173 474 1268 qui
497 1174 656 1269 propriae
679 1174 873 1270 imperitiae
896 1176 1050 1247 aliorum
1077 1199 1171 1271 prae·

125 1285 284 1359 tendunt
305 1299 494 1377 λογομαχίαν.
548 1286 663 1360 Quasi
684 1300 750 1361 aut
770 1299 865 1361 esset
886 1287 1086 1382 disputatio
1104 1288 1171 1360 ali-

126 1424 211 1495 qua,
239 1424 322 1496 quae
352 1417 519 1492 λογομαχια
547 1424 623 1473 non
651 1413 758 1490 esset,
789 1412 854 1475 aut
877 1402 1013 1474 veritas
1035 1401 1170 1497 aliqua,

126 1537 208 1608 quae
234 1536 309 1585 non
338 1521 434 1584 esset
459 1512 655 1585 verborum
679 1514 827 1587 veritas.
880 1514 923 1586 In
951 1537 1172 1609 quocunque

126 1625 240 1720 igitur
250 1624 357 1712 libro,
371 1623 417 1696 de
429 1648 648 1720 quacunque
660 1627 826 1715 scientia,
837 1625 1050 1723 hujusmodi
1060 1626 1173 1699 verba

125 1737 333 1810 inveneris:
360 1761 464 1809 mera
488 1748 526 1810 et
547 1737 626 1811 lacre
642 1757 823 1830 aoyopaxm
842 1764 914 1812 aaa
923 1739 1067 1837 placet,
1088 1739 1173 1813 dum

127 1849 175 1922 de
191 1872 235 1921 re
252 1857 405 1936 coartet,
425 1849 607 1922 devertis
622 1850 805 1948 litigare:
830 1875 898 1946 pro
916 1865 1018 1925 certo
1037 1852 1173 1924 habeas

127 1963 344 2059 scriptorem
357 1961 460 2034 illum
477 1963 653 2052 scientiae‚
668 1987 780 2060 quam
793 1974 942 2050 tractat,
960 1963 1171 2058 imperitum

41 2103 44 2111 ’
127 2097 219 2164 esse,
248 2075 568 2170 ignorantiamque
599 2100 702 2148 suam
732 2076 926 2172 gravitate,
957 2087 1000 2147 ut
1025 2074 1172 2149 videtur

125 2186 208 2283 ipsi,
232 2187 462 2261 sententiolae
485 2189 578 2261 velle
602 2199 739 2284 tegere.
792 2189 872 2261 Nec
891 2187 1085 2261 molestum
1103 2188 1172 2261 tibi

126 2300 186 2388 sit,
213 2301 244 2373 si
261 2300 449 2397 quicquid,
477 2301 552 2373 sive
578 2302 616 2374 in
635 2301 857 2374 dictionibus
878 2301 987 2397 hujus
1005 2302 1171 2376 authoris

126 2413 260 2487 sivein
278 2414 571 2503 ratiocinatione,
594 2424 720 2503 ἀκριβεὶᾳ
744 2413 871 2487 debita
888 2437 1014 2487 carere
1030 2414 1170 2506 videro,

125 2540 326 2600 notavero:
374 2549 418 2599 ea
455 2527 585 2599 saltem
618 2525 712 2621 lege,
752 2526 784 2599 si
818 2525 1005 2620 quomodo
1041 2529 1170 2601 eadem

125 2649 246 2726 ἀκριβῶς
264 2638 489 2711 enuntianda
507 2649 605 2726 sunt,
623 2638 731 2711 simul
748 2637 921 2713 docuero.

176 2750 226 2824 B.
253 2752 341 2825 Non
358 2753 525 2848 iniquum
539 2751 713 2848 postulae.

176 2863 224 2937 Α.
251 2865 445 2953 Praeterea,
474 2865 511 2937 in
529 2864 759 2960 philologieis
778 2865 861 2954 illis,
883 2879 926 2939 ut
942 2878 1062 2956 vocat,
1080 2892 1170 2940 con-

126 2978 310 3068 dimentis,
336 2979 483 3075 postulo
509 2991 552 3051 ut
578 2978 687 3050 liceat
712 2978 803 3050 mihi
829 2981 1052 3076 conjecturis
1071 2981 1169 3054 illius

125 3115 310 3188 apponere
327 3093 559 3187 conjecturas
577 3115 691 3165 meas.

174 3202 223 3278 B.
250 3206 381 3302 Neque
398 3206 469 3279 hoc
488 3206 655 3301 iniquum
674 3217 742 3278 est.

175 3315 223 3390 A.
249 3317 467 3390 inscribitur
480 3330 592 3414 caput
605 3318 764 3412 primum
781 3318 842 3390 De
860 3317 1029 3392 Matheai
1046 3319 1085 3391 ia
1099 3344 1169 3416 ge-

126 3454 227 3517 nere,
253 3439 290 3502 et
316 3430 364 3504 de
384 3429 526 3525 objecto
551 3439 589 3502 et
612 3429 869 3503 distributione
891 3433 983 3527 ejas.
1034 3432 1168 3505 Videa-

126 3566 208 3616 mus
238 3567 327 3639 ergo
358 3566 467 3639 quam
498 3543 545 3616 sit
569 3543 1073 3643 accuratum—Disciplina
1091 3569 1169 3616 ara-

124 3655 336 3729 thamutica
370 3657 544 3730 dicantar
576 3680 699 3728 omnes
733 3655 811 3728 illa
843 3656 920 3729 siae
954 3667 1057 3729 artes
1091 3657 1169 3730 siae

122 3769 307 3858 scientia,
336 3793 417 3866 qua
447 3771 553 3842 circa
577 3769 825 3866 quantitatem
843 3769 1037 3866 peculiari
1062 3770 1168 3843 modo

122 3891 334 3971 versantur,
356 3881 434 3954 aiae
457 3881 665 3954 continuam
694 3882 771 3954 aive
799 3881 1168 3957 discretam-Tune

123 3996 378 4070 definitionem
395 3995 491 4068 hanc
509 4018 637 4068 censes
656 4018 736 4067 esse
754 3994 993 4067 accuratam?

174 4109 226 4183 B.
252 4109 332 4204 Ego
345 4131 432 4182 vero
445 4109 544 4182 satis.
581 4108 661 4181 Etsi
674 4132 744 4180 vox
758 4108 832 4194 illa,
843 4106 1037 4204 pecadiari
1049 4109 1167 4200 modo,

121 4223 194 4299 nisi
211 4247 258 4296 ex
275 4222 512 4319 sequentibus
530 4245 604 4296 non
622 4221 729 4294 facile
746 4220 976 4315 intelligitur.

170 4334 220 4410 A.
246 4337 400 4432 Expone
417 4359 506 4432 ergo
524 4335 637 4409 verba
654 4334 717 4407 illa
733 4358 778 4407 ex
793 4335 1041 4430 sequentibus.
