2946 5010
307 401 355 468 24
524 416 794 470 nxauruarro
815 417 866 469 nr
884 415 1133 469 nununarro

118 606 270 650 innocus
306 583 420 656 ctiam
449 582 652 680 subjectam
681 585 740 657 cui
770 585 865 657 inest
887 582 1350 658 connotatio-Haeccine

121 688 263 792 ,ᾗ
306 697 374 771 tibi
391 696 562 771 videntur
580 698 679 772 dicta
702 722 780 772 esse
798 696 994 772 accurate?

355 811 405 884 B.
434 811 503 883 Ita.

357 926 407 997 A.
434 924 568 996 Annon
602 924 665 1018 qui
701 924 945 1020 quantitatem
982 923 1202 1013 considerat,
1230 923 1350 996 consi-

306 1037 413 1111 derat
432 1061 514 1111 eam
543 1049 655 1132 prout
684 1038 909 1111 abstrahitur
930 1037 1149 1111 amatoria?
1202 1037 1261 1109 An
1278 1061 1352 1110 vox

305 1151 499 1248 quantitas
522 1151 708 1225 abstracta
733 1175 809 1224 non
826 1161 881 1224 est
899 1175 921 1224 a
938 1161 1112 1224 concreta
1129 1172 1220 1223 voce
1236 1172 1352 1246 qaan-

308 1267 414 1337 tnm?
466 1263 648 1338 Quaenam
672 1276 796 1338 autem
821 1275 878 1337 est
903 1287 947 1337 ea
971 1263 1138 1352 scientia,
1163 1287 1246 1358 quse
1274 1285 1351 1335 non

307 1374 418 1448 modo
432 1376 675 1471 quantitatem
693 1374 914 1464 considerat,
932 1374 997 1448 sed
1015 1375 1126 1447 etiam
1144 1374 1355 1471 subJectum

307 1486 412 1585 ejus?
465 1489 580 1562 Quasi
605 1489 811 1585 subjectum
837 1512 912 1560 non
935 1488 1231 1560 consideraretur
1247 1500 1351 1576 tunc,

308 1601 455 1698 quando
496 1600 778 1674 considerantur
817 1602 895 1696 ejus
936 1600 1152 1674 accidentia.
1225 1600 1351 1696 Cujus,

309 1739 445 1812 quaeso,
476 1714 639 1787 scientiae
663 1713 869 1809 subjectum
901 1723 968 1801 est,
994 1714 1072 1786 sine
1100 1712 1352 1787 accidentibus

309 1826 581 1900 consideratum
599 1826 759 1922 corpus?

359 1941 408 2013 B.
436 1939 594 2012 Nullius.
647 1938 777 2035 Neque
808 1937 899 2012 dicit
930 1938 992 2011 ille
1026 1939 1233 2034 subjectum
1267 1962 1352 2011 cum

310 2054 515 2151 quantitate
533 2077 599 2126 sua
615 2052 859 2141 cmrsidcrari,
878 2051 942 2125 sed
960 2051 1164 2125 connotari.

359 2168 409 2240 A.
437 2167 477 2240 si
500 2166 692 2239 connotari
719 2189 794 2239 non
823 2166 871 2238 sit
893 2163 1129 2253 considerari,
1148 2162 1211 2261 qui
1231 2162 1275 2235 fit
1297 2172 1351 2252 ut,

309 2280 387 2354 sola
425 2280 631 2376 quantitate
670 2277 914 2368 considerata,
956 2278 1110 2350 scientia
1148 2274 1354 2372 appelletur

309 2392 451 2466 mixta?
502 2392 620 2464 Video
637 2414 723 2463 eum
741 2391 833 2464 nihil
850 2391 911 2464 hic
925 2391 1062 2464 videre.
1116 2389 1253 2464 Scribit
1270 2414 1353 2486 quae

310 2505 441 2578 didicit
467 2527 569 2600 puer.
622 2504 786 2577 Scientia
811 2504 920 2592 enim,
938 2502 1247 2600 quemadmodum
1270 2503 1354 2576 sub·

306 2621 444 2715 jectum
473 2618 564 2711 ejuS,
599 2641 731 2713 nempe
766 2616 935 2705 munduS,
966 2640 1041 2690 non
1077 2617 1253 2690 dividitur
1287 2640 1355 2713 per

303 2754 444 2831 parum
471 2742 508 2802 et
534 2729 686 2803 mimam
719 2731 757 2802 in
792 2730 943 2825 species,
970 2730 1098 2803 sedin
1125 2742 1270 2825 partes;
1308 2754 1352 2803 eo

310 2843 422 2917 modo
448 2845 511 2940 qui
534 2843 677 2917 dicetur
705 2843 812 2932 infra,
841 2856 1037 2940 postquam
1067 2844 1217 2940 legerim
1244 2844 1356 2941 hujus

311 2957 440 3053 capitis
457 2956 658 3054 reliqua.—
668 2957 779 3031 Verbi
800 2958 946 3056 gratia,
962 2957 1024 3029 rabi
1049 2957 1087 3030 in
1115 2957 1357 3031 arithmetica

312 3069 480 3142 traditur
526 3070 582 3142 bis
626 3070 697 3143 dno
734 3080 891 3167 quatuor
924 3071 1082 3164 efficere,
1116 3071 1257 3144 numeri
1295 3070 1357 3143 laic

312 3183 468 3255 seorsim
508 3183 805 3271 considerantur,
846 3191 882 3254 et
916 3181 1135 3256 abstractim
1176 3183 1224 3255 ab
1259 3184 1357 3257 omni

311 3296 471 3370 materia
506 3295 849 3391 sabjecta-Vide
889 3319 1013 3392 quaeso
1050 3297 1206 3369 hominis
1240 3297 1357 3392 negli-

312 3409 487 3504 gentiam,
519 3407 643 3480 doceri
672 3407 828 3480 dicentis
854 3409 893 3481 in
923 3409 1167 3498 arithmetica,
1199 3408 1255 3481 bis
1284 3409 1356 3482 dao

312 3521 457 3616 afficere
486 3530 655 3618 quatuor.
708 3520 748 3592 Si
765 3521 942 3596 doceatur
960 3522 1031 3595 hoc
1055 3522 1092 3594 in
1111 3521 1355 3608 arithmetica,

313 3636 424 3708 etiam
458 3633 497 3706 in
536 3633 767 3707 arithmetica
800 3634 1086 3707 demonstratur.
1156 3634 1250 3708 Quis
1285 3635 1356 3707 hoc

312 3771 476 3844 unquam
515 3745 782 3819 demonstravit
822 3757 886 3820 aut
927 3745 1161 3819 demonstare
1201 3760 1356 3820 conatus

313 3873 381 3947 est,
400 3873 465 3933 ant
482 3884 527 3933 ex
545 3860 734 3956 principiis
761 3859 1078 3933 arithmeticorum
1103 3883 1202 3933 nunc
1228 3860 1357 3956 positis

313 3972 565 4047 demonstrare
599 3973 746 4070 potest?
809 3973 866 4045 Ne
901 3975 1099 4046 assumitur
1133 3973 1281 4069 quidem
1313 3984 1358 4047 ut

313 4087 510 4158 commonia
544 4088 654 4175 notio,
689 4110 807 4183 neque
842 4097 884 4158 ut
912 4086 1063 4183 petitio,
1095 4087 1160 4159 sed
1186 4112 1208 4160 a
1232 4090 1358 4185 pueris

313 4198 423 4272 domo
447 4199 708 4273 affectum—In
738 4198 828 4273 aliis
856 4200 960 4271 sacas
985 4208 1054 4289 cst,
1082 4201 1184 4274 uerbi
1209 4204 1357 4300 gratia,

313 4336 391 4384 cam
421 4312 527 4386 docet
550 4313 777 4387 astronomia
805 4322 1027 4410 aquatorcm
1051 4324 1088 4387 ct
1111 4314 1300 4389 andiacum
1316 4341 1358 4389 se
