2946 5010
361 433 673 488 usrnnnnrrcm
692 435 935 489 Ronlanum.
1119 422 1166 489 95

128 612 166 676 et
181 600 487 675 mathematicus?
539 603 614 677 Qui
630 603 711 676 fieri
723 604 857 700 potuit,
869 616 912 677 ut
927 604 1167 699 geometriam
1204 631 1352 674 ammons

127 715 173 787 ab
188 713 422 788 arithmetica
439 714 645 811 dependere
662 716 813 805 diceret,
824 716 888 812 qui
905 716 1016 790 sciret
1026 716 1168 791 radices

127 849 364 900 numerorum
398 827 659 924 quadratorum
690 828 761 902 rite
787 841 971 903 extractas
1000 854 1078 904 csse
1105 832 1168 905 de-

127 940 327 1014 monstrari
357 964 433 1015 non
466 964 585 1037 posse,
608 940 680 1014 nisi
709 965 776 1037 per
806 952 975 1037 quartam
1001 944 1168 1040 proposi-

128 1053 269 1127 tionem
285 1053 467 1128 Elementi
488 1054 640 1128 secundi
666 1055 829 1129 Euclidis
856 1079 948 1152 pure
974 1057 1169 1151 geometri-

128 1168 236 1240 cum?
286 1166 454 1263 Denique
482 1167 545 1263 qui
567 1168 690 1264 potuit
706 1181 872 1240 veterum
897 1179 1168 1264 geometrarum

128 1280 295 1353 omnium
308 1280 493 1376 capitibus
510 1280 563 1354 ita
574 1280 762 1370 insultare,
780 1293 824 1353 ut
837 1279 976 1354 diceret
993 1304 1056 1354 eos
1069 1283 1169 1378 alge-

128 1393 234 1467 bram
265 1392 465 1490 ignorasse,
492 1393 602 1489 idque
634 1395 719 1490 quia
749 1394 961 1468 nesciebant
987 1405 1168 1493 punctam

127 1506 327 1603 geometris
352 1506 451 1580 idem
478 1531 558 1581 esse
589 1508 689 1604 quod
719 1507 816 1580 nibil
839 1507 1091 1598 arithmeticis,
1105 1510 1167 1604 qui

128 1620 241 1694 sciret
265 1620 297 1694 si
320 1629 494 1718 punctum
519 1620 612 1694 nihil
640 1621 699 1709 sit,
727 1642 846 1715 neque
874 1619 1018 1710 lineam,
1049 1644 1168 1718 neque

128 1733 377 1831 auperyieiem,
395 1757 514 1829 neque
531 1733 690 1808 solidam
707 1733 904 1829 quicquam
917 1735 1019 1807 ossei
1070 1736 1169 1809 Prae-

128 1858 243 1936 terea,
274 1847 467 1920 considera
499 1848 667 1943 proxima
696 1848 774 1943 ejus
804 1847 917 1919 verba
943 1847 1046 1920 baec:
1081 1847 1168 1922 Non

129 1958 219 2057 quie
234 1959 335 2033 lineo
353 1959 539 2057 bipedalis
553 1958 718 2058 bipedali
734 1958 869 2033 addito
879 1958 989 2054 facit
1005 1961 1169 2058 quodra-

123 2071 312 2170 pedalem,
341 2072 423 2145 ideo
451 2073 523 2146 duo
551 2081 589 2146 et
620 2073 692 2146 dno
709 2071 865 2169 fociant
898 2081 1070 2169 quatuor,
1099 2075 1171 2148 sed

123 2185 254 2284 potine
270 2185 355 2283 quio
381 2186 462 2277 boc,
480 2211 572 2284 ergo
594 2185 700 2260 illud.
753 2185 1057 2281 Subintelligitur,
1074 2212 1168 2286 ergo

127 2300 337 2397 geometria
367 2298 415 2372 ab
444 2300 679 2373 arithmetica
709 2299 905 2396 dependet,
922 2324 992 2374 non
1015 2299 1092 2373 brec
1121 2300 1168 2373 ab

130 2411 211 2486 illc.
263 2411 364 2486 Belle
390 2413 598 2487 admodum.
650 2412 719 2487 Dic
746 2412 836 2485 mihi
865 2412 1068 2508 propositio
1094 2414 1168 2504 illa,

131 2524 205 2599 duo
222 2533 261 2597 et
277 2524 348 2597 duo
360 2525 519 2622 fociant
535 2535 704 2625 quotuor,
723 2538 826 2598 estne
844 2525 1007 2600 definitio
1022 2525 1035 2597 l

183 2637 232 2711 B.
260 2637 357 2710 Non.

182 2751 232 2824 A.
258 2752 311 2824 At
326 2750 502 2823 axioma?

183 2863 233 2936 B.
261 2863 330 2937 lta.

183 2976 233 3050 Α.
260 2977 327 3050 Est
354 3001 442 3073 ergo
469 2977 606 3049 lumine
633 2976 791 3049 naturali
818 2976 1030 3072 cognitum;
1056 3002 1130 3051 non
1147 3004 1171 3053 a

132 3090 309 3186 magistro
325 3090 566 3164 arithmeticae
582 3101 779 3184 repertum,
797 3089 860 3162 sed
885 3115 968 3163 oum
992 3092 1072 3186 ipsa
1088 3117 1170 3165 ver-

133 3204 265 3277 borum
283 3203 532 3277 intellectione
549 3229 572 3275 a
587 3204 709 3299 pueris
726 3216 925 3298 receptum.
978 3204 1063 3277 Non
1080 3229 1169 3303 ergo

132 3317 247 3390 habet
272 3317 319 3390 ab
337 3317 568 3390 arithmetico
584 3327 784 3411 geometra,
803 3316 937 3390 lineam
964 3316 1169 3414 bipedalem

135 3427 245 3503 lim
281 3429 448 3527 bipedali
482 3428 648 3503 additam
668 3429 811 3526 facere
846 3428 978 3503 lineam
1004 3431 1169 3529 quadru-

126 3541 315 3641 pedalem

187 3654 235 3728 B.
265 3656 351 3729 Non
379 3655 428 3729 sit
462 3678 550 3751 ergo
580 3657 735 3744 axioma,
766 3657 830 3729 sed
864 3657 910 3729 ab
941 3658 1170 3732 arithmetico

135 3768 474 3843 demonstrandum.

185 3883 236 3956 A.
265 3883 358 3958 Quis
368 3893 491 3955 autem
501 3880 591 3954 illud
602 3882 853 3954 arithmeticus
865 3895 930 3955 aut
943 3882 1170 3957 demonstra-

135 3996 202 4086 vit,
220 4007 287 4070 aut
305 3997 555 4069 demonstrare
572 4019 611 4067 se
628 3994 796 4068 debuisse
809 3995 989 4091 judicavit
1008 3995 1020 4068 i
1075 3998 1171 4073 Satis

135 4109 233 4182 enim
252 4135 276 4182 a
292 4109 506 4197 nutricibus,
525 4109 612 4181 dum
630 4109 781 4180 nomina
793 4132 1026 4182 numerorum
1037 4135 1171 4207 pueros

136 4222 284 4311 docent,
311 4223 593 4296 demonstratur.
647 4221 757 4311 Quid,
784 4223 882 4317 quod
907 4223 1059 4296 infinitae
1085 4240 1172 4301 sunt

137 4337 364 4432 quantitates
382 4336 578 4425 continuae,
593 4357 748 4429 quarum
765 4334 872 4410 unius
889 4336 935 4410 ad
953 4337 1062 4412 aliam
1079 4340 1174 4414 ratio

1260 713 1305 754 111.

1207 782 1351 817 *ar-⁴
