2946 5010
366 406 944 462 mnrunnnrrcnnonmnun.
1099 396 1167 463 133

128 576 166 648 in
188 610 207 646 a
234 575 288 648 ad
319 576 412 649 Bin
440 585 489 660 β,·
524 574 600 646 sive
629 575 740 647 etiam
769 573 922 666 ratio}
941 576 1099 648 ducatur
1129 576 1166 648 in
1209 601 1361 644 unrocus

126 701 304 773 rationem
325 693 376 815 ᾗ,
394 710 434 773 ut
452 701 652 799 proveniat
670 697 712 790 ξ
730 701 768 772 in
786 693 841 813 ᾗ,
857 701 1020 798 perinde
1036 709 1104 773 ert.
1204 683 1348 787 L

174 816 221 892 B.
249 819 377 892 Oratio
392 818 538 914 quidem
551 817 657 890 valde
675 819 874 915 symbolica
891 832 957 907 est,
976 820 1040 893 sed
1055 844 1165 914 quam

124 954 200 1004 non
218 932 396 1030 intelligo.
448 933 644 1027 Nunquam
664 933 761 1005 enim
779 933 1012 1029 multiplicari
1029 933 1166 1029 aliquid

124 1045 260 1134 audivi,
278 1069 397 1142 neque
418 1045 612 1141 imaginari
634 1069 796 1141 possum,
822 1046 892 1119 nisi
914 1057 956 1119 ut
979 1047 1085 1118 fieret
1107 1047 1165 1118 vel

124 1156 293 1253 multiplo
310 1160 439 1253 major,
454 1181 585 1254 nempe
603 1158 750 1253 quando
770 1159 1023 1255 multiplicatio
1040 1160 1083 1231 fit
1099 1183 1165 1256 per

124 1293 318 1343 numerum
347 1271 544 1366 integrum,
572 1270 630 1342 vel
657 1271 825 1367 multiplo
855 1272 986 1361 minor,
1017 1271 1164 1368 quando

123 1383 372 1478 multiplicans
406 1395 461 1455 est
495 1406 668 1456 numerus
702 1383 851 1457 fractus,
921 1385 1005 1458 Non
1039 1386 1164 1480 itaque

124 1495 291 1592 intelligo
316 1496 499 1590 quomodo
527 1494 665 1592 aliquid
693 1495 928 1592 multiplicari
954 1498 1067 1593 possit
1094 1499 1165 1571 nisi

123 1632 189 1705 per
206 1632 401 1681 numerum
418 1609 602 1704 integrum
620 1609 677 1680 vel
691 1609 861 1681 fractum.
902 1609 1055 1682 Veniam
1074 1634 1162 1706 ergo

123 1723 214 1794 mihi
238 1721 342 1794 dabit
364 1721 560 1809 Wallisius²
590 1720 619 1794 si
648 1745 722 1793 non
750 1721 954 1818 intelligam
979 1723 1162 1817 quomodo

124 1835 219 1908 ratio
237 1835 331 1907 aad
349 1836 379 1907 B
398 1835 483 1907 duci
503 1835 619 1929 possit
642 1836 681 1906 in
708 1835 886 1906 rationem
906 1869 923 1901 α
941 1835 988 1907 ad
1004 1842 1037 1917 β.
1090 1836 1162 1908 Ra-

125 1949 263 2021 tionem
288 1971 355 2043 per
384 1971 578 2019 numerum
604 1945 839 2042 multiplicari
861 1971 979 2042 posse,
998 1948 1094 2030 scio;
1122 1959 1163 2021 ut

124 2061 273 2156 quando
290 2061 384 2133 ratio
404 2059 646 2155 multiplicata
662 2084 727 2156 per
745 2070 780 2149 2,
799 2060 1017 2156 duplicatur,
1040 2072 1077 2134 et
1097 2085 1163 2157 per

125 2183 159 2262 3,
172 2173 392 2270 triplicatur,
405 2185 442 2245 et
459 2197 525 2269 per
542 2191 574 2270 q,
588 2174 630 2246 fit
641 2173 734 2245 ratio
748 2173 900 2245 rationis
913 2173 1162 2268 sesquialtera.

174 2287 223 2360 A.
252 2287 296 2359 ln
322 2286 421 2359 omui
444 2284 748 2381 multiplicatione
773 2286 816 2357 fit
844 2299 888 2357 ut
918 2285 1162 2382 multiplicans

124 2399 171 2473 ad
187 2401 382 2489 unitatem,
400 2401 452 2473 ita
469 2400 670 2496 productus
687 2399 734 2471 ad
751 2398 1045 2495 multiplicatum.
1089 2399 1163 2471 lta-

125 2537 194 2609 que
221 2523 314 2607 quot
344 2513 508 2585 continet
532 2513 692 2584 unitates
722 2513 816 2585 ratio
840 2513 874 2584 A
901 2513 947 2585 ad
978 2513 1019 2601 B,
1051 2514 1161 2584 toties

129 2637 216 2731 -ζ-ἰιι
226 2630 433 2749 {continet
446 2638 627 2711 rationem
640 2672 658 2707 a
673 2637 720 2709 ad
732 2653 765 2728 β.
790 2639 924 2711 Sanine
937 2650 1021 2710 sunt
1034 2637 1096 2732 qui
1110 2637 1161 2709 sic

124 2753 348 2850 loquuntur?
400 2755 475 2828 Aut
492 2756 734 2851 professorem
758 2756 868 2828 talem
895 2756 990 2827 serre
1016 2779 1161 2850 aequum

125 2879 181 2940 est
196 2867 438 2956 academicos,
452 2868 483 2940 si
501 2868 548 2940 ad
566 2869 667 2940 illum
689 2869 921 2965 expuendum
943 2869 1031 2940 satis
1049 2868 1159 2940 habe-

125 2995 207 3054 rent
224 2980 383 3053 virium?
441 2980 552 3054 Paulo
578 2994 675 3077 post,
700 3006 783 3053 cum
807 2981 956 3054 dixisset
981 2982 1161 3054 rationem

125 3092 273 3190 duplam
303 3095 473 3189 componi
503 3117 548 3165 ex
578 3093 815 3189 sesquialtera
841 3107 879 3165 et
907 3094 1159 3187 sesquitertia:

128 3206 242 3302 (quod
259 3229 385 3278 verum
404 3219 472 3294 est,
491 3207 522 3279 si
538 3230 604 3301 per
620 3207 801 3278 rationem
824 3205 971 3302 duplam
989 3206 1160 3302 intelligit

124 3320 304 3392 rationem
329 3319 430 3415 dupli
448 3319 495 3392 ad
518 3319 710 3414 simplum;
738 3319 872 3415 alioqui
896 3319 1047 3401 falsum;
1075 3343 1160 3391 nam

125 3431 237 3528 dupla
253 3432 348 3505 ratio
366 3432 500 3528 exponi
516 3455 582 3527 per
601 3434 791 3527 pauciores
815 3455 925 3527 quam
943 3446 1017 3504 tres
1035 3432 1160 3503 termi-

123 3569 192 3619 nos
208 3570 284 3619 nou
302 3557 436 3643 potest,
463 3559 505 3617 ut
522 3569 590 3617 nec
607 3545 701 3618 ratio
725 3545 854 3641 simpla
878 3569 943 3640 per
971 3546 1160 3640 pauciores

124 3683 235 3755 quam
254 3658 380 3751 duos):
407 3658 607 3754 subjungit,
629 3658 696 3729 hoc
718 3668 788 3743 ert,
811 3668 852 3729 ut
877 3657 1068 3753 loquuntur
1084 3682 1160 3729 mu-

123 3773 207 3862 sici,
225 3797 273 3844 ec
285 3771 464 3868 diapente
480 3782 518 3843 et
536 3771 770 3844 diatessaron
788 3771 1012 3868 componitur
1025 3772 1162 3868 diapa-

122 3910 199 3958 son.
252 3885 438 3956 Verumne
455 3881 551 3955 hoc?

175 4011 225 4084 B.
252 4010 431 4106 Equidem
449 4009 538 4081 artis
555 4009 704 4081 musicae
724 4008 913 4105 imperitus
932 4032 1022 4080 sum.
1077 4009 1160 4081 Scio

123 4137 248 4198 tamen
260 4148 305 4196 ex
317 4123 488 4219 diapente
500 4134 537 4195 et
550 4122 777 4195 diatessaron
789 4123 958 4216 componi
974 4121 1160 4218 diapason.

173 4239 223 4311 Α.
252 4237 325 4310 Sed
344 4262 366 4310 a
383 4248 471 4309 tono
490 4237 563 4308 imo
586 4236 633 4308 ad
659 4237 827 4333 quintum
854 4248 944 4330 quot
970 4260 1162 4309 numeran-

124 4362 185 4426 tur
201 4349 309 4425 toni?
