2946 5010
342 344 414 416 los
553 362 826 417 sxsnrstrro
846 365 897 417 nr
915 364 1165 419 nnsnnsrio

152 552 304 596 primone
341 554 416 606 non
445 530 485 604 in
515 553 641 605 rerum
666 531 829 628 ipsarum
857 531 1089 628 imaginibus,
1107 532 1173 605 sed
1202 532 1241 605 in
1262 533 1383 606 verbis

154 634 301 739 ...ζ
341 644 603 743 magistrorum
613 657 797 742 querunt,
808 644 923 742 iisque
932 667 1008 719 non
1019 669 1162 743 semper
1172 645 1382 720 intellectis.

340 758 471 857 Itaque
483 758 666 857 principia
681 759 906 855 ignorantes,
923 758 963 833 id
979 771 1037 833 est
1053 770 1225 833 naturam
1241 759 1382 856 puncti,

338 870 459 963 lineae,
475 869 615 967 anguli,
631 870 787 945 rationis
812 871 1029 963 nescientes,
1047 871 1086 946 in
1113 871 1274 946 absurda
1299 897 1382 968 quae

338 983 589 1061 recensuimus
606 983 746 1082 delapsi
763 995 862 1059 sunt.

388 1097 439 1173 B.
466 1097 529 1173 Sic
544 1107 648 1196 puto.

389 1211 439 1285 A.
464 1210 633 1285 Accessit
650 1232 796 1308 quoque
811 1209 976 1284 scientiis
993 1209 1170 1284 damnosa
1181 1210 1245 1286 ille
1258 1211 1381 1284 multi-

339 1323 431 1399 tudo
448 1324 710 1422 symbolorum,
727 1347 885 1421 qnorum
901 1323 1039 1397 fiducia
1064 1323 1308 1397 attentionem
1332 1325 1381 1398 ad

337 1462 462 1513 rernm
483 1438 646 1535 ipsarum
662 1436 763 1511 ideas
785 1437 1019 1525 remiserunt,
1038 1460 1131 1533 qum,
1154 1437 1304 1511 inventa
1332 1438 1381 1511 ad

337 1551 551 1626 leniendum
567 1549 746 1625 nobilium
763 1549 1123 1624 adolescentulorum
1145 1550 1184 1623 in
1212 1573 1379 1645 quaeren-

337 1662 395 1739 dis
405 1664 677 1761 problematum
692 1662 1012 1737 arithmeticorum
1040 1662 1284 1736 solutionibus
1301 1687 1380 1735 mo-

336 1775 493 1866 lestiam,
523 1776 617 1850 adeo
645 1776 724 1850 visa
746 1786 804 1850 est
830 1798 889 1849 res
917 1776 1077 1872 elegans,
1108 1786 1151 1848 ut
1183 1775 1273 1849 nihil
1301 1800 1379 1849 esse

336 1913 458 1989 neque
474 1891 513 1965 in
526 1890 759 1965 arithmetica
776 1913 898 1987 neque
913 1888 954 1963 in
969 1888 1176 1985 geometria
1191 1899 1269 1962 tam
1285 1889 1379 1962 diffi-

337 2004 407 2079 cile
433 2003 633 2094 videretur,
667 2002 770 2100 quod
802 2026 872 2100 ope
905 2002 1154 2100 symbolorum
1183 2002 1276 2076 solvi
1303 2027 1380 2077 non

335 2129 471 2215 posset.
522 2118 653 2215 ltaque
667 2140 796 2192 omnes
809 2115 961 2191 laudere
979 2127 1017 2190 et
1033 2114 1281 2213 magnifacere
1308 2119 1379 2191 sci-

336 2231 476 2306 entiam
492 2229 689 2329 quendam,
713 2253 824 2326 quem
850 2228 1089 2303 nominarunt
1118 2228 1378 2326 symbolicam

337 2344 449 2419 etiam
466 2344 646 2433 homines,
658 2343 792 2442 quibus
808 2341 901 2416 nihil
917 2341 1112 2416 videbatur
1138 2341 1186 2416 ad
1215 2344 1377 2417 eminen-

335 2457 427 2531 tiam
445 2457 570 2531 deesse
583 2467 829 2554 praeterquam
845 2466 889 2528 ut
906 2455 1005 2530 docti
1022 2464 1145 2529 essent
1170 2455 1208 2527 in
1237 2458 1377 2529 mathe-

336 2570 494 2658 maticis,
528 2569 713 2666 magistris
751 2568 808 2642 usi
845 2581 932 2641 sunt
971 2567 1191 2665 symbolicis,
1227 2567 1374 2640 frustra.

335 2683 485 2773 Verum,
516 2682 612 2755 sicut
647 2681 726 2755 sine
760 2681 967 2777 suspicione
1001 2680 1163 2753 criminis
1191 2703 1300 2754 nemo
1335 2682 1377 2753 fit

335 2795 572 2892 inexpectato
587 2806 625 2869 et
638 2795 830 2892 repentine
848 2793 962 2880 dives,
973 2793 1025 2866 ita
1039 2817 1147 2865 nemo
1164 2791 1239 2867 ullo
1265 2796 1375 2866 modo

334 2907 412 2981 sine
429 2931 565 3003 magno
583 2906 705 2980 studio
723 2920 762 2979 et
774 2907 898 2980 labore
916 2904 1133 2978 fietdootus.

386 3021 435 3094 B.
463 3022 642 3095 Parumne
653 3020 803 3117 prodest
815 3019 863 3093 ad
876 3017 1097 3092 solutionem
1107 3019 1374 3114 problematum

333 3134 680 3209 mathematicorum
703 3158 763 3207 ars
793 3131 988 3228 analytica,
1016 3141 1053 3204 et
1080 3131 1128 3204 ed
1153 3132 1375 3230 analyticam

332 3271 420 3322 usus
438 3246 713 3344 symbolorum?

383 3360 432 3435 A.
459 3362 539 3433 lmo
555 3360 724 3433 multum.
777 3357 851 3431 Sed
868 3356 957 3455 quid
974 3359 1045 3432 hoc
1062 3356 1110 3431 ad
1127 3381 1245 3454 nuper
1258 3359 1374 3434 intro-

335 3471 448 3547 ducta
471 3471 661 3571 symbola?
714 3470 848 3545 Literae
865 3471 1010 3563 A,B,C,
1030 3482 1114 3559 etc,
1133 3471 1266 3565 quibus
1289 3475 1375 3548 solis

332 3586 391 3659 usi
408 3597 493 3658 sunt
521 3598 721 3682 geometrae
750 3597 902 3675 veteres
917 3606 1040 3657 nonne
1065 3595 1153 3656 sunt
1182 3587 1373 3681 symbola?

333 3699 441 3773 Plura
454 3711 577 3772 autem
595 3697 728 3794 saepins
740 3710 907 3789 ἐνοχλοῦσιν
919 3721 1029 3792 quem
1039 3697 1226 3791 adjuvant.
1263 3699 1373 3774 Quod

332 3824 456 3886 autem
469 3811 633 3908 analysin
651 3809 797 3898 attinet,
814 3833 889 3882 non
904 3811 1023 3884 minus
1040 3824 1194 3907 apparet
1211 3814 1248 3886 in
1263 3813 1372 3908 scrip·

332 3926 380 3999 tis
420 3924 593 4013 Euclidis,
627 3921 873 4012 Archimedis
908 3923 1107 4019 Apollonii,
1146 3926 1371 4022 aliorumque

332 4038 580 4134 antiquorum,
594 4059 704 4133 quam
731 4035 860 4124 Vietae,
880 4035 1072 4131 Ougtredi,
1091 4049 1128 4110 et
1155 4051 1372 4114 caeterorum

330 4151 622 4239 algebristarnm.
677 4146 778 4222 Quid
791 4148 888 4221 enim
910 4160 966 4221 est
995 4149 1178 4245 analytica
1205 4151 1286 4224 haec
1314 4177 1372 4224 re-

329 4279 492 4337 centium
505 4263 516 4335 i
