2946 5010
395 437 676 491 caoannrmrt
695 436 881 507 onustos.
1079 418 1153 499 ³07

122 600 306 696 signatum
327 603 431 698 cujus
454 614 622 677 centrum
645 614 701 678 est
717 604 764 688 A,
791 624 1006 699 semperque
1032 624 1155 676 nerem
1215 629 1283 670 cur.
1293 630 1312 670 1.

124 714 307 807 (notatum
338 740 404 812 per
432 719 463 791 li
492 729 531 791 et
561 718 604 812 F)
634 716 899 814 projicientem.
956 715 1153 812 Supposito
1181 696 1340 821 ὦ

118 829 194 925 Jam
220 827 319 923 quod
346 830 504 904 mundus
531 854 605 905 non
635 842 732 905 esset
758 830 898 927 plenus,
928 840 1153 925 sequeretur,

121 953 270 1038 propter
290 943 384 1016 aeris
411 942 684 1040 dispersionem,
709 955 752 1018 ut
780 943 896 1017 multa
924 942 1005 1016 loca
1034 951 1156 1016 essent

122 1078 247 1128 vacca.
289 1055 363 1130 Sed
379 1057 516 1130 mundo
534 1057 655 1154 pleno,
674 1058 745 1131 hoc
761 1068 904 1132 tantum
921 1056 1096 1154 sequitur,
1114 1067 1156 1131 ut

122 1178 244 1263 partes
262 1169 356 1242 aeris
372 1169 470 1243 inter
486 1193 525 1243 se
543 1194 668 1244 omnes
686 1170 770 1244 loca
785 1181 940 1244 mutent.

173 1281 221 1353 Α.
250 1281 324 1355 Sed
340 1281 428 1377 quid
444 1294 499 1357 cst
515 1282 614 1379 quod
630 1283 788 1379 lapidem
805 1280 1025 1355 descendere
1043 1281 1155 1378 cogit,

122 1405 223 1489 puta,
240 1418 264 1466 a
278 1407 417 1490 puncto
435 1394 494 1470 G?

174 1506 223 1580 B.
250 1508 289 1581 Si
306 1532 369 1583 aer
385 1510 599 1606 projiciatur
612 1510 729 1584 omnis
745 1510 844 1583 ultra
857 1509 889 1583 G
900 1507 1157 1605 undequaque,

123 1620 288 1716 sequitur
319 1622 536 1711 necessario,
569 1634 612 1696 ut
650 1623 742 1719 lapis
774 1621 924 1698 taudem
952 1621 1076 1695 veniat
1109 1621 1158 1695 ad

122 1741 278 1806 terram:
306 1736 505 1830 supposito,
520 1735 682 1832 inquam,
700 1734 837 1809 mundo
855 1735 974 1830 pleno.

171 1844 218 1918 A.
246 1845 371 1922 Quare
396 1858 519 1922 autern
535 1849 578 1924 fit
595 1847 791 1923 descensus
808 1858 995 1921 crescente
1012 1869 1156 1942 semper

124 1958 340 2033 velocitate?

172 2072 221 2146 Β.
249 2072 347 2147 Quia
363 2072 451 2147 dum
477 2070 665 2148 descendit
690 2098 823 2149 novam
849 2073 983 2170 accipit
1005 2072 1156 2168 impres-

122 2185 261 2258 sionem
278 2186 323 2258 ab
342 2186 469 2260 eadem
486 2210 596 2260 causa
609 2187 833 2274 continuata,
846 2208 977 2282 nempe
994 2184 1041 2259 ab
1058 2207 1156 2274 aere,

123 2299 226 2393 cujus
248 2308 291 2371 ut
307 2322 381 2372 una
397 2322 481 2395 pars
504 2298 680 2387 ascendit,
698 2298 781 2389 alia,
798 2297 935 2372 mundo
955 2298 1075 2394 pleno,
1093 2296 1156 2370 de-

123 2410 265 2484 scendit
281 2410 440 2506 lapidem
457 2410 658 2507 impellens.

173 2523 221 2597 A.
249 2523 359 2598 Quod
376 2524 408 2596 si
424 2547 509 2620 pars
521 2523 614 2596 aeris
627 2523 851 2598 descendens
868 2523 1027 2619 lapidem
1043 2521 1157 2619 pellat

124 2635 305 2723 deorsum,
323 2635 452 2710 eadem
471 2636 613 2710 ratione
632 2660 717 2734 pars
738 2636 834 2710 aeris
850 2635 1050 2710 ascendens
1067 2658 1156 2708 euu-

124 2747 208 2822 dem
226 2772 369 2823 sursum
384 2749 535 2845 pulsura
551 2761 627 2823 est:
655 2749 777 2845 itaque
798 2749 890 2846 lapis
912 2773 981 2823 nec
1007 2748 1156 2823 descen·

124 2859 228 2933 deret
244 2885 313 2934 nec
329 2860 554 2951 ascenderet,
573 2862 638 2935 sed
655 2873 820 2937 maneret
835 2861 1056 2959 ubicunque.

172 2970 219 3046 B.
245 2972 303 3046 Ab
333 2997 487 3047 ascensu
515 2985 554 3047 et
587 2973 764 3048 descensu
797 2975 957 3070 partium
994 2974 1088 3048 aeris
1117 2998 1157 3049 se

123 3096 252 3158 mutuo
269 3088 513 3181 prementium
530 3110 604 3159 non
627 3088 671 3161 fit
693 3088 891 3184 quiessem
917 3090 1082 3160 excursio
1109 3087 1158 3161 ad

123 3196 251 3288 latera,
282 3199 588 3295 quemadmodum
617 3199 690 3273 duo
720 3225 874 3296 corpora
907 3200 1031 3273 mollia
1059 3223 1155 3273 com·

123 3335 248 3406 pressa
266 3313 478 3408 expandunt
501 3337 539 3386 se
553 3312 600 3386 ad
617 3313 945 3409 compressionem:
971 3310 1069 3384 unde
1082 3312 1158 3383 effi-

123 3425 219 3499 citur
234 3438 277 3499 ut
292 3451 358 3522 per
376 3438 515 3500 motum
527 3427 687 3522 partium
698 3427 793 3500 aeris
806 3450 913 3500 verus
930 3437 1050 3498 motus
1063 3423 1157 3497 aeris

123 3538 252 3613 tendat
280 3563 405 3613 versus
431 3539 546 3636 polos,
574 3550 612 3614 et
640 3551 836 3636 propterea
861 3540 900 3612 in
927 3537 1027 3611 omni
1053 3548 1157 3633 parte

123 3651 308 3725 subsidat:
335 3665 373 3726 et
399 3652 486 3726 dum
515 3675 599 3748 pars
626 3652 792 3749 superior
814 3650 972 3747 lapidem
997 3649 1158 3747 depellit,

123 3765 273 3840 inferior
289 3766 399 3841 cedit.
451 3768 547 3839 Nam
565 3790 610 3839 ex
623 3766 703 3863 ipsa
715 3767 833 3861 figura
845 3764 1077 3839 manifestum
1090 3773 1157 3851 est,

123 3878 222 3974 quod
239 3891 360 3952 motus
377 3879 516 3953 telluris
543 3879 640 3952 intra
664 3878 840 3951 circulum
864 3877 1011 3974 punctis
1036 3875 1157 3971 desig-

123 4003 261 4081 natum,
275 3992 409 4089 partim
425 3993 675 4089 progressivae
693 4002 758 4082 est,
771 4014 914 4086 nempe,
930 4014 998 4086 pro
1015 3988 1156 4085 magui-

124 4103 252 4178 tudiue
275 4105 444 4179 diametri
469 4129 535 4201 per
557 4107 603 4195 A,
627 4117 665 4178 et
687 4103 820 4201 partim
845 4101 1043 4191 circularis,
1069 4101 1157 4198 quia

123 4218 247 4291 omnia
276 4220 353 4314 ejus
383 4229 520 4315 puncta
553 4218 763 4291 describunt
796 4216 960 4289 circellos
990 4215 1087 4288 inter
1116 4237 1155 4288 se

124 4331 295 4425 aequales.
359 4330 543 4406 Quoniam
566 4342 689 4404 autem
711 4330 750 4403 iu
775 4329 875 4404 omni
894 4338 1032 4424 puncto
1059 4327 1155 4402 aeris

992 4463 1054 4514 xr
