2946 5010
463 1370 557 1452 AD
613 1370 898 1467 REGEM,

108 1936 221 2010 Fano
257 1937 304 2009 ad
334 1949 384 2026 te,
418 1940 685 2034 potentissime,
717 1940 958 2029 serenissime,
993 1938 1131 2035 optime
1162 1938 1255 2029 Rex,

106 2084 380 2183 humillimeque
414 2090 540 2177 offero,
575 2091 804 2185 problemata
837 2086 1007 2185 quaedam
1042 2109 1124 2159 mea
1157 2087 1256 2159 circa

108 2234 260 2309 Naturae
289 2237 546 2326 Phaenomena‚
573 2263 649 2312 nou
672 2237 783 2312 modo
811 2237 875 2311 illa
901 2260 982 2333 quae
1012 2235 1058 2309 ab
1086 2233 1256 2307 omnibus

106 2385 293 2459 observari
310 2387 440 2476 solent,
458 2388 522 2461 sed
541 2388 652 2462 etiam
679 2388 743 2462 illa
765 2388 839 2461 alia
861 2412 944 2484 quae
971 2387 1018 2461 ab
1045 2385 1256 2460 hominibus

106 2536 305 2632 ingeniosis
334 2560 401 2632 per
428 2549 547 2611 artem
575 2548 613 2611 et
639 2538 828 2612 machinas
855 2537 1065 2635 nuperrime
1092 2535 1257 2610 exhibita

108 2698 215 2761 suut:
244 2687 527 2761 meditationum
545 2714 709 2764 mearum
726 2690 962 2787 physicarum
979 2700 1123 2786 partem
1140 2688 1256 2762 maxi-

108 2862 205 2912 mam
220 2851 258 2912 et
274 2840 615 2935 probabilissimum.

159 2989 300 3086 Redegi
331 3002 454 3062 autem
480 3014 536 3080 ea,
561 2990 700 3065 ordinis
729 3013 852 3078 causa,
877 2987 926 3062 ad
952 2987 1076 3083 capita
1103 2997 1255 3082 septem.

109 3159 137 3226 1,
156 3137 212 3211 De
226 3138 426 3212 Gravitate.
454 3160 501 3227 11,
520 3139 574 3212 De
588 3139 752 3212 AEstibus
769 3138 936 3212 Marinis
964 3159 1030 3226 111,
1049 3137 1105 3209 De
1115 3135 1254 3210 Vacuo.

108 3311 166 3378 ιν,
185 3288 240 3362 De
257 3289 399 3363 Calore.
452 3312 492 3378 V,
510 3289 566 3363 De
583 3290 685 3363 Duro
703 3302 740 3364 et
763 3290 880 3363 Molli.
932 3311 990 3376 vr,
1009 3289 1065 3361 De
1081 3287 1256 3382 Tempes-

108 3441 245 3513 tatibus
279 3441 400 3515 Aeris.
462 3464 538 3531 vu,
566 3441 622 3514 De
657 3440 809 3515 diversis
844 3441 1017 3516 Motuum
1046 3438 1255 3537 generibus.

109 3592 252 3668 Quibus
270 3591 417 3686 adjecta
434 3604 490 3664 est
509 3591 718 3688 Duplieatio
734 3591 843 3664 Cubi.

157 3745 342 3841 Principia
367 3745 531 3842 physica,
551 3768 625 3818 non
644 3755 686 3817 ut
704 3743 934 3817 definitiones
952 3755 991 3816 et
1008 3742 1195 3816 axiomata
1217 3742 1256 3816 iu

107 3899 377 3983 mathematica,
408 3898 614 3971 certissima
646 3908 743 3986 suut,
778 3896 843 3971 sed
882 3906 1027 3969 tantum
1055 3895 1256 3990 supposita,

106 4049 270 4121 Effectus
288 4049 386 4121 enim
404 4048 557 4120 Naturae
580 4045 678 4119 idem
703 4046 792 4143 quin
810 4070 833 4119 a
851 4046 931 4119 Deo
950 4046 1105 4118 Naturae
1128 4045 1256 4121 eondi-

106 4210 186 4277 tore
204 4200 329 4274 multis
347 4198 465 4273 modis
482 4198 641 4273 conduci
658 4199 831 4296 potuerit,
850 4197 942 4272 nihil
955 4197 1139 4293 prohibet.
1232 4291 1244 4294 ,.
