2946 5010
317 396 393 469 ³50
593 415 874 472 nonunquam
890 418 1084 473 rnrsrclr.

128 598 274 706 Q
367 578 419 657 B.
444 580 657 679 suppositio
671 582 734 657 bic
749 582 960 659 adhibenda
975 596 1032 659 est
1043 608 1151 659 nova

102 724 308 787 aspa-w,
368 694 419 769 A.
447 694 535 770 Nou
551 696 678 771 omnin
692 718 782 795 ergo
798 697 967 772 continet
982 697 1109 795 pelvis.

101 790 307 909 fflffl'*
366 806 419 883 B.
445 806 548 883 Quid
562 807 640 883 ita?
691 807 904 907 Suppositio
920 809 1019 884 enim
1036 833 1148 908 qnam
1164 808 1361 905 adjunctu-

315 942 380 995 rus
396 943 491 1013 sum,
507 944 584 997 non
601 922 790 997 obstabit:
816 946 899 1020 quoe
923 922 1004 997 haec
1026 933 1096 1013 est,
1113 920 1213 1020 quod
1236 933 1362 995 motus

314 1032 378 1107 illc
390 1056 501 1131 quem
517 1034 694 1131 supposui
709 1033 750 1108 in
765 1044 878 1124 terra,
892 1035 981 1124 sole,
993 1045 1033 1109 et
1045 1034 1165 1124 astris,
1175 1045 1233 1108 est
1245 1033 1361 1107 etiam

313 1146 355 1223 iu
371 1169 500 1221 eornm
516 1145 678 1221 minimis
693 1146 896 1245 particulis.
949 1147 1048 1223 Nam
1070 1148 1102 1222 si
1125 1158 1248 1222 motus
1273 1148 1359 1223 talis

313 1259 355 1335 in
370 1258 503 1335 tellure
524 1282 654 1335 revera
671 1260 773 1352 insit,
789 1284 903 1359 quare
928 1261 1180 1336 dubitabimus
1199 1284 1248 1335 an
1271 1260 1359 1336 insit

313 1370 428 1451 etiam
443 1372 484 1447 in
499 1372 654 1471 angoris
669 1373 838 1471 partibus
853 1376 934 1472 ejus
954 1374 1134 1450 seorsim?
1186 1374 1283 1449 Nam
1301 1388 1361 1449 to-

312 1496 395 1561 tum
411 1497 451 1561 et
465 1496 590 1584 partes
605 1485 771 1583 ejusdcm
787 1499 875 1563 suut
889 1500 1046 1565 naturae.
1081 1488 1121 1563 Si
1132 1511 1219 1585 pars
1234 1487 1359 1586 aliqua

310 1608 423 1673 terra
438 1596 763 1697 quantulocunque
774 1600 920 1675 sublata
930 1614 1028 1676 esset
1040 1623 1062 1676 e
1074 1624 1199 1675 rerum
1209 1614 1357 1693 natura,

310 1732 403 1785 num
418 1710 503 1786 ideo
519 1722 643 1788 motus
658 1711 720 1787 ille
736 1712 928 1788 tolleretur
942 1712 983 1788 in
998 1725 1105 1810 parte
1121 1713 1288 1810 reliqua?
1315 1715 1359 1790 Si

311 1838 524 1923 magnetem
544 1826 705 1925 stangan,
721 1850 954 1925 unaquaque
976 1850 1062 1924 pars
1085 1828 1164 1924 ejus
1180 1826 1357 1903 virtutem

312 1938 428 2015 totius
443 1939 630 2028 retinebit,
646 1962 856 2040 quanquam
872 1964 941 2038 pro
958 1941 1102 2017 ratione
1127 1941 1356 2039 magnitudi-

311 2051 371 2129 nis
386 2052 618 2128 diminutam.
668 2054 746 2129 Gur
761 2078 850 2155 ergo
873 2054 972 2131 idem
993 2080 1069 2131 non
1093 2057 1159 2130 fiet
1180 2056 1221 2130 in
1242 2056 1357 2154 parti-

309 2166 404 2241 culis
419 2166 554 2241 terrie?

360 2278 412 2353 A.
439 2279 687 2378 Suppouatnr.
737 2279 861 2379 Atque
877 2281 1002 2365 etiam,
1020 2280 1119 2378 qood
1137 2281 1246 2356 simul
1268 2304 1354 2357 cum

308 2416 408 2491 aqua
424 2393 530 2485 (nam
544 2393 653 2468 video
673 2416 748 2488 quo
771 2393 908 2489 tendis)
930 2394 1058 2470 multae
1080 2394 1119 2468 in
1141 2396 1258 2470 nubes
1279 2395 1358 2470 ele-

308 2516 444 2581 vantur
460 2531 483 2580 a
499 2506 621 2580 calore
638 2506 725 2580 solis
742 2506 857 2580 atomi
873 2518 1016 2582 terreae.
1069 2507 1169 2582 Quid
1188 2508 1273 2582 inde
1296 2532 1353 2584 se-

308 2619 461 2716 quitur?

361 2731 410 2806 B.
439 2732 478 2805 Si
495 2732 611 2805 nubes
623 2731 786 2828 gravidae
799 2733 1003 2828 permultae,
1018 2733 1098 2806 aliae
1112 2735 1351 2808 ascendentes

306 2844 389 2918 aliae
407 2845 684 2935 descendentes,
703 2857 939 2930 concurrant,
956 2845 1165 2942 faciantque
1181 2871 1247 2942 per
1264 2872 1350 2920 con·

306 2980 457 3032 cursum
473 2959 723 3032 concavitates
740 2957 867 3055 plenas
885 2982 980 3046 aere,
998 2971 1037 3032 et
1059 2984 1238 3032 concursu
1260 2984 1349 3033 con-

307 3069 450 3144 tinuato
469 3071 586 3167 spatia
603 3071 666 3144 illa
683 3095 774 3144 cava
791 3082 994 3162 coarctent,
1008 3072 1061 3144 ita
1074 3084 1115 3145 ut
1128 3075 1174 3145 ab
1188 3075 1349 3168 expressi

307 3184 403 3258 aeris
423 3193 527 3257 motu
549 3184 614 3258 fiat
638 3184 795 3280 glacies:
827 3207 976 3257 necesse
997 3196 1054 3257 est
1076 3197 1118 3258 ut
1140 3188 1252 3259 atomi
1275 3187 1348 3261 illae

307 3308 451 3388 terrete,
463 3320 546 3394 quae
562 3321 696 3394 aquam
713 3322 789 3371 non
806 3309 882 3371 tam
898 3297 1006 3369 facile
1019 3312 1226 3392 penetrant,
1239 3300 1348 3373 relin-

306 3424 469 3509 quantur
480 3413 519 3485 in
538 3412 608 3485 illis
619 3411 848 3500 caritatibus,
861 3410 1061 3484 minoribns
1074 3413 1224 3486 tandem
1238 3439 1347 3509 quam

305 3549 374 3622 pro
403 3526 546 3600 ratione
575 3525 683 3621 spatii
713 3525 813 3622 quod
843 3524 988 3597 illarum
1018 3536 1141 3599 motus
1171 3527 1345 3622 postulat.

306 3640 437 3737 ltaque
460 3639 585 3712 alterae
607 3639 646 3710 in
669 3638 803 3711 alteras
830 3637 1048 3735 impingent,
1071 3651 1109 3711 et
1132 3654 1237 3713 motu
1261 3641 1346 3713 inde

304 3763 414 3827 aucto
440 3753 596 3850 glaciem
621 3752 755 3837 subito,
779 3752 890 3825 modo
915 3752 975 3826 hic
998 3753 1109 3826 modo
1138 3754 1224 3843 illic,
1249 3779 1344 3827 rum-

303 3880 406 3965 pent,
424 3878 464 3939 et
480 3890 561 3940 sese
578 3866 798 3955 liberabunt,
813 3866 977 3938 tonitrua
993 3877 1032 3938 et
1048 3866 1195 3962 fulgura
1208 3868 1345 3941 facien-

301 3990 360 4053 tes
371 4003 440 4075 pro
453 4003 606 4053 numero
617 4002 805 4052 carcerum
816 3980 1063 4052 effractorum.
1099 3980 1344 4077 Fulgurenim

301 4092 497 4190 phantasia
513 4105 569 4167 est
581 4093 629 4166 ab
646 4093 793 4166 actione
808 4093 903 4165 aeris
920 4092 959 4166 in
977 4093 1134 4167 oculum.

352 4204 398 4280 A.
428 4208 533 4304 Saepe
553 4207 665 4281 etiam
682 4228 813 4279 sereno
830 4205 924 4280 coelo
946 4230 1016 4281 nec
1040 4219 1194 4281 tonante
1217 4205 1343 4303 fulgur

302 4319 390 4411 vidi,
408 4322 613 4418 praesertim
629 4343 790 4416 vespere.
