2946 5010
297 398 371 467 344
572 412 852 467 rsosnnusrs
871 414 1064 470 rsrsrcs.

124 604 194 649 osc.
209 606 252 649 vs
297 602 352 653 nc
368 577 570 669 descendit,
587 578 667 654 fieri
689 602 765 654 non
785 592 910 679 potest
931 582 1020 679 quin
1041 604 1164 667 cerem
1187 592 1276 655 unte
1299 604 1339 655 se

84 674 415 805 mamque
441 693 489 769 sd
510 693 741 791 superficiem
767 704 877 769 terroe
902 694 1096 793 propellet,
1114 704 1152 768 et
1173 717 1340 768 rursusa

83 810 398 923 muntem
413 805 613 903 repellatur
629 805 727 881 idem
744 830 829 881 uer:
847 807 945 881 unde
956 820 1085 882 ventos
1097 808 1177 881 fieri
1190 830 1339 881 necesse

296 932 354 993 est
370 941 675 1017 quaquaversum,
692 920 757 1017 qui
772 920 889 995 nubes
902 920 991 995 alius
1007 921 1047 993 in
1061 944 1152 1018 quus
1170 921 1341 995 incidunt

295 1031 516 1131 propellent.

346 1141 395 1219 A.
419 1146 524 1220 Esto.
575 1143 651 1219 Sed
673 1144 827 1219 nubium
853 1156 976 1221 motus
999 1146 1129 1221 turdus
1152 1144 1339 1245 quomodo

295 1270 428 1334 ventos
444 1257 557 1333 efficit
572 1269 651 1333 tam
667 1256 840 1333 veloces?

346 1368 395 1447 B.
422 1371 510 1446 Non
530 1371 641 1447 unius
666 1383 734 1447 aut
759 1371 916 1447 ducrum
939 1373 1105 1460 nubium,
1123 1374 1189 1449 sed
1204 1374 1340 1449 multa-

296 1507 381 1559 rum
404 1483 622 1582 plerumque
644 1496 684 1559 et
709 1508 928 1583 magnarum
954 1487 1107 1561 effectus
1132 1498 1192 1562 est
1206 1500 1339 1562 ventus

297 1620 464 1696 mugnus.
516 1596 710 1689 meteres,
734 1598 834 1675 facto
857 1600 1079 1696 jumento,
1106 1600 1253 1698 cogitur
1275 1624 1340 1675 cer

297 1710 497 1809 saepissime
515 1712 553 1785 in
569 1711 653 1787 locu
676 1713 835 1787 nubibus
858 1715 937 1812 jam
958 1728 1046 1790 unte
1065 1725 1274 1789 camerata:
1300 1727 1340 1788 et

297 1835 495 1922 propterea
510 1836 705 1901 ventorum
726 1826 782 1901 vis
807 1828 854 1901 ab
883 1828 1055 1925 angustia
1079 1827 1152 1903 loci
1179 1826 1339 1901 maxime

297 1949 466 2035 augetur.

347 2052 398 2125 A.
425 2050 504 2127 Cur
525 2052 663 2128 Auster
691 2052 809 2151 magis
831 2077 941 2150 quam
966 2052 1030 2127 ulii
1055 2053 1155 2128 venti
1178 2052 1340 2152 pluviam

296 2162 446 2240 adfert?

346 2276 395 2351 B.
422 2278 497 2353 Ubi
523 2278 578 2353 sol
606 2290 664 2354 est
683 2279 972 2378 potentissimus,
995 2292 1034 2355 et
1053 2280 1170 2355 maria
1191 2279 1339 2376 amplis-

297 2391 401 2483 sima,
431 2390 470 2467 id
500 2403 569 2481 est,
598 2392 638 2466 in
666 2394 833 2490 partibus
852 2404 964 2469 terrae
989 2393 1175 2491 (respectu
1201 2393 1337 2487 nostri)

298 2504 532 2595 australibus
551 2506 601 2579 ibi
619 2506 777 2603 plurima
803 2517 861 2580 est
883 2507 922 2580 in
939 2530 1023 2581 aere
1040 2530 1147 2603 aqua,
1164 2530 1275 2604 quam
1292 2505 1340 2579 ad

297 2641 366 2692 nos
392 2618 537 2691 adferre
565 2619 664 2692 solus
687 2621 824 2693 Auster
848 2631 985 2716 potest.
1034 2620 1173 2693 Verum
1203 2620 1339 2692 imbres

297 2755 451 2827 magnos
467 2733 543 2806 vidi
571 2734 682 2806 ctiam
709 2733 906 2830 aliquando
930 2745 1079 2806 avento
1105 2734 1256 2821 boreali,
1274 2733 1339 2805 sed

297 2843 336 2917 in
354 2855 501 2918 aestate:
519 2846 572 2919 ita
588 2859 630 2920 ut
648 2847 764 2919 nubes
777 2846 858 2919 illus
872 2845 1000 2919 allatas
1012 2847 1115 2942 prius
1129 2847 1175 2920 ab
1189 2846 1338 2933 Austro,

297 2968 336 3031 et
351 2958 594 3055 praeterlatus‚
612 2971 782 3055 putarem
799 2982 822 3031 a
840 2958 960 3032 Borea
976 2960 1110 3032 relatas
1128 2983 1222 3031 esse.

348 3073 399 3146 A.
426 3073 511 3146 Vidi
539 3072 735 3169 aliquando
761 3073 939 3169 navigans
962 3074 1079 3146 undas
1106 3074 1284 3169 ingentes
1303 3082 1339 3146 et

297 3210 471 3283 magnam
501 3187 611 3261 maris
639 3187 930 3277 concussionem,
955 3211 1039 3260 cum
1066 3199 1190 3259 tamen
1218 3186 1341 3259 nullus

297 3302 447 3375 omnino
466 3303 719 3399 perciperetur
735 3313 879 3375 ventus.

348 3413 395 3489 B.
423 3417 524 3490 Quid
541 3428 664 3489 autem
681 3414 791 3512 puulo
808 3412 919 3511 post?

347 3529 394 3602 A.
421 3530 617 3627 Plusquam
634 3529 828 3616 voluimus
846 3527 1044 3625 procellam
1065 3528 1266 3622 ingentem,
1284 3525 1340 3597 id-

298 3666 370 3740 que
387 3644 486 3716 intra
504 3644 624 3717 minus
638 3668 748 3740 quam
766 3653 934 3740 quartam
952 3651 1095 3737 partem
1113 3641 1226 3713 horae.

348 3756 395 3831 Β.
422 3757 467 3830 ld
494 3769 560 3845 est,
588 3769 720 3829 ventus
749 3767 837 3828 ante
865 3755 1047 3843 veniebat,
1082 3765 1166 3849 post
1199 3753 1339 3826 aderat.

297 3871 515 3944 Venientem
549 3882 673 3943 autem
706 3869 895 3966 percipere
929 3892 1004 3941 non
1038 3867 1220 3964 potuistis
1254 3865 1341 3961 quia

297 3997 417 4058 motus
445 3986 539 4058 aeris
563 3984 750 4070 tendebat,
768 3994 920 4079 propter
937 3981 1152 4054 descensum
1175 3979 1339 4066 nubium,

297 4096 487 4170 deorsum:
506 4098 568 4194 qui
587 4120 649 4169 aer
666 4096 713 4169 ab
730 4120 827 4192 aqua
843 4094 1101 4167 reflectebatur
1119 4117 1275 4181 sursum,
1290 4104 1339 4178 et,

298 4209 415 4283 donec
441 4211 584 4284 vicinus
620 4219 710 4295 erut,
741 4231 852 4305 supra
881 4207 974 4280 vela.
1027 4207 1157 4303 ltaque
1188 4220 1340 4279 ventum

297 4348 372 4396 non
390 4326 564 4412 sentiens,
583 4347 656 4395 uon
674 4346 751 4396 esse
770 4320 1014 4395 existimabas.
