2946 5010
326 357 395 426 148
533 371 802 427 nxaumsuro
822 372 874 425 nr
891 372 1140 426 nnnnna'no

134 558 286 601 onnoons
319 561 404 613 nam
421 537 561 634 aliquid
577 537 691 613 deest.
742 538 853 612 Forte
878 539 950 613 hoc
971 538 1073 624 vult;
1100 537 1255 612 eandem
1279 560 1358 610 esse

133 639 277 744 J..
317 652 498 727 rationem
515 659 564 726 20
581 651 630 724 ad
647 660 683 741 5,
700 663 738 726 et
760 661 803 726 12
821 652 870 726 ad
893 660 938 736 33
964 653 1023 726 vel
1045 649 1240 737 θεὲ-4.

365 765 414 839 Α.
441 764 645 860 improprie
655 764 805 861 quidem
817 765 991 860 loquutus
1004 777 1077 852 est;
1090 787 1219 838 verum
1229 776 1356 837 antem

317 891 377 952 est
394 877 493 975 quod
510 877 761 952 demonstrare
777 878 906 967 voluit,
924 903 993 952 neo
1010 877 1110 952 feeit.
1159 878 1358 974 Postquam

319 991 417 1067 enim
435 990 598 1079 dixisset,
613 1014 697 1064 oum
710 991 759 1065 sit
774 993 830 1064 A:
848 1025 868 1063 a
884 1019 893 1064 ε
907 1019 916 1063 t
932 992 985 1065 B:
1002 1008 1036 1085 β,
1062 989 1264 1087 subjungit,
1290 989 1359 1062 hoc

317 1114 373 1178 est
400 1101 469 1204 ξι
486 1099 540 1216 ξι
567 1102 668 1201 quod
689 1104 855 1178 nondum
877 1115 1034 1193 constat,
1058 1104 1124 1178 sed
1151 1115 1230 1177 erat
1255 1103 1358 1200 prius

319 1220 656 1299 demonstrandum.
687 1221 969 1318 Argumentatio
986 1246 1032 1295 ex
1049 1243 1227 1294 concessa
1242 1219 1358 1316 hypo-

319 1335 414 1411 thesi
431 1333 519 1408 satis
535 1334 725 1431 procedit;
751 1334 816 1409 sed
834 1333 1099 1409 demonstratio
1116 1357 1190 1406 non
1209 1344 1278 1407 est.

368 1447 415 1520 B.
444 1447 586 1544 Regula
609 1448 736 1521 Aurea
764 1447 949 1545 quomodo
979 1446 1087 1521 aliter
1116 1444 1359 1519 demonstrari

326 1561 472 1660 potest?

370 1674 419 1749 A.
444 1675 499 1748 Eo
533 1673 645 1747 modo
688 1697 762 1770 quo
803 1674 1076 1748 demonstretur
1118 1673 1165 1746 ab
1207 1670 1358 1746 Euclide

323 1787 453 1880 (Elem.
468 1787 517 1860 ix.
541 1790 609 1880 19).
662 1787 730 1861 Vel
747 1788 800 1862 sio
813 1819 822 1871 ;
836 1787 980 1861 numeri
995 1787 1096 1884 plani
1113 1798 1200 1860 snut
1216 1797 1360 1860 rectan-

319 1902 406 1999 guln
423 1902 491 1975 sub
508 1911 639 1991 rectas,
656 1924 810 1997 quarum
827 1912 951 1999 partes
975 1900 1148 1996 aliquotae
1164 1923 1360 1973 numeran-

320 2029 392 2089 tur.
444 2015 488 2087 In
515 2013 658 2087 duobus
687 2025 811 2087 autem
834 2012 1058 2110 rectungulis
1086 2012 1301 2110 aeqnnlibus,
1318 2024 1360 2087 ut

320 2131 415 2204 latus
427 2152 541 2202 unum
553 2127 662 2224 primi
679 2127 726 2202 ad
742 2128 838 2203 latus
860 2152 976 2202 unum
998 2127 1163 2217 secundi,
1186 2127 1240 2201 ita
1262 2126 1360 2200 latus

320 2243 500 2340 reliquum
517 2241 668 2315 secundi
685 2241 846 2316 adlatus
863 2242 1046 2338 reliquum
1061 2240 1182 2338 primi.
1235 2240 1361 2314 Quare

321 2356 360 2431 in
389 2353 551 2429 numeris
576 2352 694 2451 planis
723 2353 936 2451 aequulibns,
960 2366 1017 2428 est
1044 2365 1087 2428 ut
1113 2352 1234 2427 factor
1262 2377 1359 2427 unus

320 2469 429 2565 primi
447 2467 495 2541 ad
507 2468 689 2541 sactorum
705 2467 885 2541 utrumvis
902 2466 1065 2556 secundi,
1082 2467 1135 2540 ita
1152 2466 1359 2540 eoeffioiens

321 2580 473 2655 secundi
503 2580 552 2654 ed
579 2580 841 2653 ooefficientem
870 2578 991 2675 primi.
1045 2580 1084 2652 Si
1113 2579 1248 2653 dentur
1270 2603 1360 2675 ergo

320 2704 395 2767 tres
407 2692 551 2766 numeri
570 2694 614 2781 A,
623 2693 665 2784 B,
674 2693 717 2783 C,
736 2706 775 2767 et
791 2704 978 2790 quaeratur
996 2693 1030 2767 D
1044 2726 1053 2778 ;
1082 2693 1301 2790 quiefactus
1316 2718 1361 2766 ex

321 2807 355 2879 A
372 2806 410 2877 in
427 2807 461 2879 D
480 2807 630 2902 aequalis
647 2817 704 2879 est
720 2807 818 2879 iacto
847 2830 893 2879 ex
922 2806 1005 2879 Bin
1020 2806 1064 2895 C,
1083 2807 1270 2902 divisoque
1287 2807 1360 2879 AD

321 2920 439 3016 perA
466 2919 658 3015 proveniet
684 2918 731 3005 D,
749 2919 861 2993 etium
892 2919 1010 2992 diviso
1040 2919 1107 2993 BC
1134 2920 1251 3015 perA
1282 2943 1365 3015 pro-

321 3033 422 3105 venit
432 3030 529 3104 idem
540 3032 587 3105 D.
610 3032 704 3106 Quae
720 3042 775 3104 est
789 3032 942 3127 Regulae
954 3033 1086 3108 Aureae
1096 3032 1362 3106 demonstratio

321 3145 510 3218 naturalis.
563 3145 696 3218 Nullus
713 3146 811 3218 enim
829 3169 1001 3219 numerus
1014 3170 1137 3219 rerum
1152 3147 1361 3243 aequalium,

322 3258 447 3353 quoles
461 3268 547 3331 suut
571 3270 694 3353 partes
708 3258 891 3354 aliquotae,
910 3259 1175 3356 multiplicatus
1204 3283 1271 3356 per
1293 3284 1362 3332 nu·

322 3394 475 3460 merum,
492 3368 662 3466 producit
687 3395 881 3444 numerum
898 3371 1009 3445 alium
1027 3395 1137 3467 quam
1167 3395 1362 3446 numerum

322 3506 444 3556 rernm
462 3496 757 3569 numeraturum
775 3497 972 3582 propterea
989 3483 1089 3581 quod
1103 3486 1199 3559 ratio
1212 3487 1362 3582 aequali·

322 3597 421 3685 tatis,
439 3620 523 3669 oum
540 3598 621 3693 ipsa
637 3598 775 3670 nonsit
793 3598 990 3691 quantitas,
1008 3622 1084 3671 non
1112 3598 1215 3673 addit
1242 3624 1363 3696 neque

323 3710 483 3783 detrahit
518 3711 716 3806 quantitati
746 3711 940 3798 rationum,
976 3734 1087 3807 quam
1118 3713 1257 3786 habent
1291 3714 1363 3810 ipsi

322 3824 477 3896 numeri.

372 3936 420 4009 B.
449 3936 544 4010 Satis
562 3935 670 4009 clare.
723 3935 795 4008 Sed
820 3944 989 4031 putaram
1005 3937 1168 4032 potuisse
1191 3939 1273 4011 fieri
1299 3938 1363 4012 ali·

323 4060 460 4142 quanto
477 4050 635 4122 brevius.

373 4160 407 4232 Α
414 4217 421 4232 .
449 4161 596 4249 Nescio,
614 4185 683 4234 neo
711 4160 845 4243 oredo;
873 4162 1001 4237 melius
1024 4175 1080 4236 est
1110 4176 1236 4236 autem
1264 4165 1363 4261 quod

322 4273 551 4369 probandum
575 4272 788 4369 susceperis,
820 4273 985 4369 pluribus
1015 4276 1137 4349 verbis
1169 4278 1361 4352 manifeste
