2946 5010
447 464 499 514 nx
519 460 688 515 Neruas
707 460 842 512 naurs.
1086 437 1161 518 277

121 653 212 727 pore
241 628 374 702 visibili
401 640 439 703 et
465 654 550 703 aere
577 653 745 718 vacuum,
773 651 849 701 non
876 625 984 699 facile
1010 648 1160 699 conoes-

123 743 245 816 serim.
295 742 477 817 Videntur
494 743 593 816 enim
609 742 699 815 mihi
722 752 802 814 tum
819 739 1062 829 Democritus,
1079 748 1159 815 tum

122 858 313 954 Epicurus
332 858 384 930 sio
402 858 632 930 intellexisse.

124 1008 127 1012 Δ
173 969 222 1042 Α.
250 969 289 1042 Si
312 993 549 1065 pervacuum
567 968 656 1066 quid
678 968 731 1041 illi
755 967 1013 1041 intellexerunt
1036 965 1167 1042 adooae

122 1082 221 1156 trina
243 1083 405 1156 Lucretii
426 1082 667 1179 judicandum
684 1093 753 1171 est,
781 1082 877 1155 idem
901 1082 1162 1155 intellexerunt

123 1195 223 1292 quod
257 1219 339 1291 ego,
369 1220 513 1294 nempe,
543 1196 665 1269 locum
692 1195 792 1268 omni
822 1219 975 1291 corpore
1004 1219 1161 1269 vacuum

123 1307 257 1380 visibili
274 1322 311 1380 et
329 1308 511 1382 invisibili.
555 1308 629 1383 Sed
646 1320 684 1382 et
701 1308 843 1381 illinon
854 1306 1030 1406 plenistoe
1045 1309 1161 1398 fuere,

125 1420 189 1494 sed
205 1422 388 1496 uacuistoe.

185 1535 375 1607 Hactenus
410 1534 455 1608 de
489 1545 621 1607 natura
653 1533 758 1606 aeris.
824 1532 1071 1608 Transeamus
1113 1535 1163 1610 ad

125 1671 268 1743 aquam.
304 1647 343 1720 Si
360 1649 396 1720 in
415 1647 555 1743 pelvem
573 1646 744 1719 infundas
762 1660 960 1741 aquomst
977 1648 1162 1744 inaquam

127 1771 354 1856 segmentum
372 1760 484 1856 panni
503 1761 600 1833 lanei
624 1759 833 1855 oblongum,
852 1762 955 1855 cujus
980 1783 1064 1856 pars
1088 1785 1163 1834 una

127 1872 165 1944 in
183 1896 312 1967 aquam
332 1873 378 1944 sit
395 1873 577 1959 immersa,
597 1872 712 1944 altera
729 1886 833 1945 extra
849 1873 991 1968 pelvem
1007 1896 1163 1968 propen-

128 1984 225 2072 deat,
239 2008 333 2080 aqua
344 2009 506 2080 pannum
517 1985 617 2056 illum
632 1984 808 2080 paulatim
822 1985 1022 2057 ascendens
1039 1983 1164 2058 made-

127 2098 238 2171 faciet
258 2121 372 2192 usque
395 2096 442 2169 ad
472 2096 587 2192 pelvis
610 2096 777 2169 labrum:
804 2110 842 2169 et
873 2096 1053 2194 siquidem
1078 2120 1164 2193 pars

129 2234 210 2307 quae
228 2222 283 2283 est
300 2223 404 2283 extra
419 2211 574 2307 pelvem,
591 2210 819 2306 propendeat
842 2210 938 2283 infra
959 2235 1064 2306 aquae
1082 2234 1166 2306 quae

129 2325 240 2397 estin
259 2325 361 2419 pelve
379 2324 619 2420 superficiem,
636 2347 731 2420 aqua
752 2324 932 2397 decurret.
985 2325 1166 2398 Quaenam

128 2438 236 2533 hujus
254 2438 405 2510 effectus
422 2461 445 2508 a
462 2436 611 2532 collegis
628 2436 701 2509 tuis
718 2460 828 2509 eausa
845 2436 1035 2509 redditur?

182 2550 231 2623 B.
258 2549 358 2621 Nihil
381 2549 427 2621 de
458 2573 501 2621 ea
528 2573 567 2621 re
594 2549 717 2621 audivi
744 2549 934 2637 hactenuS,
965 2550 1036 2622 nisi
1067 2548 1168 2644 quod

130 2665 398 2760 phaenomenon
424 2662 507 2751 hoo,
528 2673 565 2734 et
586 2661 677 2734 illud
707 2663 863 2735 alterum
892 2662 1052 2760 siphonis
1081 2663 1168 2735 flexi

131 2777 206 2850 sive
224 2777 372 2862 bicruri,
392 2799 538 2847 eausam
556 2775 717 2848 habeant
734 2775 900 2849 eandem.

183 2889 230 2961 Α.
259 2889 303 2961 ld
325 2910 413 2959 vero
439 2887 664 2982 impossibile
690 2898 757 2960 est.
808 2889 904 2960 Nam
934 2889 973 2960 in
1003 2889 1170 2984 siphone,

132 3002 202 3074 nisi
219 3001 327 3073 ambo
346 3022 453 3071 crura
470 3022 566 3094 aqua
583 2999 815 3095 impleantur,
830 3024 925 3095 aqua
942 3024 962 3072 e
979 3001 1076 3097 pelvi
1093 3024 1170 3074 non

132 3113 315 3186 ascendet.
358 3111 591 3184 Asoensionis
609 3135 719 3183 causa
739 3113 777 3183 in
794 3137 956 3207 pannum
973 3127 1029 3185 est
1047 3124 1169 3186 motus

132 3227 193 3300 ille
209 3238 411 3300 terrearum
426 3237 632 3296 atomorum
648 3247 729 3318 quae
746 3248 851 3320 aquae
869 3225 1053 3321 contiguae
1070 3237 1169 3312 sunt,

134 3353 267 3428 motus
298 3341 460 3433 inquam,
491 3336 678 3410 circularis
707 3337 874 3432 simplex,
909 3339 986 3410 aeri
1018 3339 1057 3409 in
1096 3361 1169 3433 quo

134 3467 326 3526 moventur
343 3451 655 3525 communicatus:
682 3474 763 3545 quae
789 3451 903 3523 atomi
931 3475 1061 3548 aquam
1084 3451 1170 3523 feri-

134 3579 237 3640 entes
260 3566 316 3638 ·in
360 3565 551 3637 materiam
593 3564 736 3635 laneam
778 3565 975 3652 incutiunt,
1016 3563 1171 3636 incussae

135 3693 256 3756 autem
274 3680 390 3775 magis
409 3678 597 3773 magisque
616 3677 871 3766 madefaciunt,
891 3677 1008 3750 donec
1026 3675 1173 3748 madida

135 3805 217 3867 tota
232 3794 290 3865 sit.
353 3792 445 3863 Cum
475 3814 562 3862 vero
591 3801 669 3862 tota
699 3788 845 3861 madida
870 3789 992 3877 fuerit,
1023 3798 1112 3860 tuno
1141 3787 1172 3860 si

135 3930 221 4002 pars
243 3905 354 4001 panni
380 3915 483 3976 extra
505 3902 648 3999 pelvem
673 3901 862 3997 superficie
890 3926 995 3997 aquae
1022 3925 1104 3997 quae
1134 3900 1173 3972 in

136 4020 240 4115 pelve
274 4029 330 4090 est
359 4016 509 4088 inferior
542 4016 723 4111 sitaque
751 4038 818 4111 per
846 4038 1008 4111 pannum
1039 4013 1175 4087 defluet

137 4147 290 4229 propter
324 4154 511 4204 excessum
554 4131 744 4225 gravitatis
777 4153 882 4225 aquae
913 4129 951 4201 in
985 4140 1174 4225 segmento

138 4247 251 4341 panni
276 4257 426 4317 externo
456 4267 565 4338 super
588 4244 808 4340 gravitatem
837 4245 915 4338 ejus
943 4266 1026 4337 quae
1054 4254 1109 4314 est
1136 4241 1176 4313 in

140 4370 330 4456 segmento
347 4358 444 4430 intra
463 4357 616 4451 pelvem.
669 4356 765 4430 Nam
782 4355 974 4454 gravitatis
991 4354 1178 4453 quantitas
