2946 5010
495 429 833 484 onounrnnnuu.
1109 416 1183 485 393

576 697 681 774 CAP.
700 697 750 772 Il.

554 845 609 898 nu
629 843 772 897 mune.

143 950 327 1040 Lmutu,
345 948 475 1023 definit
500 949 684 1040 Euclides,
704 947 972 1047 longitudinem
996 971 1080 1022 esee
1102 948 1185 1024 siue

142 1064 353 1139 latitudine.
406 1064 567 1154 Scilicet,
597 1063 849 1138 conformatur
876 1063 956 1136 haec
983 1062 1032 1135 ad
1056 1061 1183 1135 defini·
1296 1113 1304 1156 ,

141 1179 280 1250 tionem
311 1177 451 1274 puncti,
483 1192 520 1251 et
548 1188 745 1274 propterea
769 1176 898 1249 eadem
922 1176 1046 1249 omnia
1072 1175 1184 1250 habet

142 1291 244 1365 vitia.
296 1290 393 1364 Nam
410 1304 454 1363 ut
471 1302 641 1364 centrum
658 1288 786 1362 circuli
800 1288 975 1362 dividitur
991 1312 1015 1360 a
1031 1288 1185 1361 sectori-

141 1404 210 1477 bus
233 1404 270 1476 in
294 1416 416 1500 partes
434 1405 625 1500 quotlibet,
644 1403 698 1476 ita
722 1402 833 1476 etiam
856 1411 1041 1474 sectorum
1069 1401 1185 1476 latera

142 1517 358 1591 dividuntur
375 1517 577 1591 secuudum
600 1515 844 1591 latitudinem.
896 1515 993 1589 Nam
1011 1515 1043 1589 si
1063 1527 1185 1588 sector

142 1630 296 1727 quilibet
318 1630 503 1703 dividatur
531 1630 570 1703 in
597 1630 689 1704 duos
712 1640 884 1715 sectores,
910 1652 1067 1724 quorum
1089 1652 1185 1703 uuus

142 1742 240 1837 apud
259 1753 296 1816 te
314 1754 423 1832 esset,
441 1743 534 1816 alter
556 1744 656 1839 apud
672 1766 744 1832 me,
762 1742 917 1816 haberet
936 1754 1093 1840 uterque
1111 1742 1184 1817 duo

141 1851 258 1927 latera
272 1882 280 1926 :
300 1867 338 1928 et
353 1868 560 1951 propterea,
571 1855 647 1928 sive
660 1855 757 1928 latus
771 1855 861 1928 illud
875 1854 1036 1928 medium
1050 1855 1185 1929 habeat

141 1963 386 2055 latitudinem,
405 1967 481 2039 sive
508 1966 846 2055 non-latitudinem,
864 1967 935 2039 erit
962 1966 1119 2041 divisum
1145 1967 1185 2041 in

141 2078 232 2152 duas
249 2080 472 2177 superficies
485 2080 543 2151 vel
558 2079 699 2153 induas
710 2079 1026 2175 non-superficies.
1055 2080 1184 2177 ltaque

141 2190 242 2262 omui
259 2190 368 2265 modo
385 2192 483 2264 linea
500 2203 556 2265 est
574 2191 777 2265 divisibilis.

191 2301 311 2376 Liucu
336 2305 382 2378 ab
410 2305 489 2378 aliis
514 2305 700 2395 definitur,
712 2303 847 2403 puncti
865 2302 954 2376 moti
971 2303 1182 2403 vestigium,

141 2415 217 2489 sive
235 2416 306 2490 via.
357 2418 413 2491 De
431 2442 504 2515 qua
521 2418 735 2492 definitione
754 2417 899 2492 Cluvius
917 2417 969 2491 sic
995 2418 1181 2514 loquitur:

141 2529 430 2604 “Mathematici
458 2555 616 2628 qnoque,
645 2544 687 2605 ut
714 2531 820 2605 nobis
847 2530 1036 2604 inculcent
1058 2555 1182 2605 veram

139 2641 245 2715 liueae
278 2643 572 2741 intelligentiam,
604 2644 852 2740 imaginantur
886 2654 1078 2740 punctum,
1103 2645 1182 2741 jam

139 2754 364 2852 descriptum
391 2757 571 2854 superiori
599 2757 865 2846 definitione,e
888 2755 969 2830 loco
993 2757 1032 2829 in
1060 2756 1181 2831 locum

138 2868 287 2942 moveri.
354 2869 447 2944 Cum
482 2871 580 2943 euim
613 2882 793 2966 puuctum
828 2869 876 2943 sit
908 2893 1057 2965 prorsus
1086 2870 1182 2945 indi-

138 2983 301 3073 viduum,
319 2983 546 3080 relinquetur
566 3008 611 3057 ex
634 3007 678 3057 eo
707 2994 811 3056 motu
838 2981 1053 3078 imaginario
1071 2984 1181 3058 vesti·

138 3095 241 3188 gium
258 3096 443 3191 quoddam
469 3096 633 3192 longum,
651 3096 768 3169 omnis
787 3118 917 3191 expers
940 3094 1180 3170 latitudinis.”

139 3206 232 3278 Vide
256 3208 613 3296 mathematicorum,
631 3207 694 3304 qui
720 3207 928 3280 subtiliores
954 3208 1068 3281 multo
1095 3219 1181 3282 sunt

140 3342 249 3412 quam
267 3319 332 3414 qui
349 3343 497 3415 operam
516 3319 699 3393 dederunt
722 3318 853 3393 studiis
878 3329 1095 3392 caeterarum
1121 3343 1180 3393 ar-

138 3430 243 3515 tium,
262 3430 429 3504 Clanium
446 3431 735 3520 subtilissimum,
753 3431 974 3504 scribentem
992 3432 1062 3505 hoc
1085 3433 1179 3523 loco,

138 3543 332 3640 uestigium
350 3543 513 3640 relinqui
537 3543 686 3640 longum
714 3569 737 3615 o
764 3553 863 3616 motu
880 3544 959 3637 ejuc
976 3544 1079 3642 quod
1099 3545 1181 3618 uul-

138 3653 213 3727 lum
229 3655 339 3728 lubet
355 3655 601 3744 latitudinem,
618 3655 656 3728 id
670 3667 738 3746 est,
752 3681 774 3729 a
788 3667 891 3730 motu
905 3656 1019 3729 nihili.
1049 3658 1181 3732 Sciunt

139 3781 263 3841 tamen
288 3793 426 3858 omnes,
449 3769 541 3843 nihil
568 3769 707 3842 moveri
737 3780 871 3865 praeter
899 3794 1043 3866 corpuS,
1062 3795 1180 3868 neque

139 3892 280 3954 motum
307 3883 451 3979 concipi
483 3883 554 3956 nisi
584 3882 748 3978 corporis
775 3905 894 3978 posse.
947 3882 1021 3956 Sed
1047 3907 1180 3981 corpus

139 4018 247 4068 omne
261 4006 399 4068 motum
412 3995 607 4092 vestigium
618 3994 792 4091 relinquit
805 4019 880 4068 non
892 3996 1001 4070 modo
1015 3996 1179 4094 longum,

138 4107 338 4180 sedetiam
365 4108 494 4181 latum.
546 4107 721 4181 Definitio
751 4108 865 4205 igitur
888 4108 995 4183 lineae
1022 4109 1180 4185 debebat

138 4244 218 4294 esse
241 4220 474 4317 hujusmodi:
501 4222 599 4295 lineo
628 4229 686 4294 eet
716 4221 915 4321 uestigium
941 4222 1045 4319 quod
1067 4223 1179 4297 relin-

138 4334 266 4431 quitur
286 4360 312 4407 u
335 4344 432 4408 motu
456 4335 637 4433 corporis,
663 4336 768 4430 cujus
786 4335 973 4433 quoutitur
1001 4361 1071 4411 nou
1094 4360 1179 4412 cou-

138 4445 331 4520 siderotur
349 4448 387 4520 iu
405 4447 730 4522 deuomtrotione.
