2946 5010
506 416 840 470 auouurnnnuu.
1112 398 1178 468 401

201 578 398 654 Videamus
418 578 592 668 secundo,
612 604 781 676 quaenam
804 579 878 653 sint
901 579 1008 652 lineae
1031 604 1113 675 quae
1138 582 1186 654 ad
1220 607 1287 649 cm.
1303 607 1368 647 vm.

151 693 360 766 faciendum
377 695 551 790 angulum
569 693 704 767 debent
726 717 769 766 se
794 701 914 765 mutuo
939 701 1079 764 tontum
1106 702 1186 767 ton-

149 830 270 904 gere:
296 818 334 879 et
354 807 542 903 (quoniam
569 807 697 879 locum·
714 799 1020 900 hune'exponens
1039 805 1187 880 Clavius

151 920 326 1015 angulum
344 921 438 993 effici
456 920 546 992 dicit
571 944 616 993 ex
633 917 841 1015 hujusmodi
860 942 1036 991 concursu
1053 942 1117 992 seu
1133 919 1186 993 in·-

151 1032 366 1126 clinatione)
387 1033 476 1131 quid
492 1033 540 1106 sit
557 1033 712 1105 duarum
724 1032 902 1104 linearum
919 1031 958 1103 in
974 1032 1084 1126 plano
1102 1056 1186 1106 con-

151 1170 289 1219 cursus.
341 1147 464 1220 Etiam
482 1146 570 1242 quid
583 1146 632 1218 sit
641 1147 779 1240 jacere
794 1144 832 1216 io
850 1144 1042 1217 directum.
1087 1145 1187 1228 Quid

150 1259 260 1332 etiam
278 1259 326 1332 sit
343 1258 544 1348 inclinatio,
560 1281 669 1354 quam
684 1258 828 1330 Clarius
846 1255 998 1329 eandem
1017 1281 1095 1330 rem
1109 1283 1186 1332 esse

150 1373 293 1468 putavit
310 1397 392 1446 cum
412 1393 604 1445 concursu.
654 1373 703 1444 Et
720 1370 809 1467 quid
823 1370 872 1443 sit
890 1369 1024 1443 lincam
1042 1394 1066 1444 c
1085 1370 1186 1446 tinea

149 1485 286 1559 secari.

201 1599 317 1671 Recta
334 1621 471 1686 arcum,
491 1597 566 1670 sive
589 1598 698 1671 aliam
725 1598 859 1671 lineam
883 1621 1042 1686 curvam,
1061 1597 1188 1696 longit

152 1719 302 1799 tantum,
317 1710 462 1806 quando
479 1710 598 1806 tangit
612 1711 771 1807 quidem,
785 1722 864 1784 tota
876 1722 999 1782 tamen
1013 1721 1069 1783 est
1082 1724 1187 1784 extra

151 1823 340 1911 circulum,
359 1835 401 1894 ut
418 1822 560 1895 nullum
577 1823 627 1896 sit
647 1823 837 1918 utriusque
856 1846 1049 1895 commune
1074 1846 1186 1918 punc·

151 1947 242 2008 tum.
278 1935 330 2008 Ut
343 1935 408 2032 qui
420 1934 574 2030 alicujus
585 1934 713 2008 domus
726 1936 876 2031 januam
892 1935 1017 2033 tangit
1034 1944 1186 2024 tuntum,

150 2049 181 2121 is
199 2071 318 2144 neque
335 2048 433 2121 intra
450 2046 598 2120 domum
616 2058 683 2136 est,
698 2071 815 2143 neque
832 2048 870 2121 in
889 2049 966 2144 ipsa
978 2049 1103 2143 janua,
1121 2049 1187 2121 sed

150 2172 250 2235 totus
268 2172 384 2234 extra.

200 2275 434 2348 Concurrunt
452 2283 575 2346 autem
594 2273 676 2347 duae
693 2274 810 2363 lineae,
828 2273 976 2372 quaudo
993 2276 1185 2371 utriusque

150 2397 206 2460 est
222 2387 371 2484 aliquod
388 2410 579 2459 commune
596 2398 785 2482 punctum,
803 2388 959 2461 necdum
972 2389 1187 2484 producitur

149 2501 315 2574 ulterius.

200 2614 316 2686 Recta
333 2612 491 2708 denique
513 2636 639 2685 arcum
663 2624 773 2698 secat,
793 2614 940 2712 quando
964 2637 1049 2710 pars
1073 2625 1184 2689 rectae

149 2740 204 2801 est
221 2727 330 2817 intra,
348 2749 433 2823 pars
450 2738 554 2799 extra
571 2728 758 2799 circulum.
787 2729 871 2801 Non
886 2740 943 2800 est
955 2752 1043 2824 ergo
1057 2728 1186 2802 eadem

148 2864 207 2916 res
231 2852 423 2915 contactus
448 2852 486 2913 et
514 2865 735 2914 concursus:
761 2866 881 2937 neque
912 2866 994 2938 quae
1022 2864 1059 2914 se
1086 2841 1186 2937 plus-

149 2978 260 3051 quam
282 2964 450 3049 tangunt,
469 2954 671 3026 necessario
690 2978 727 3026 se
745 2970 874 3028 mutuo
892 2968 1039 3028 secant:
1066 2978 1184 3049 neque

149 3079 249 3141 recte
272 3069 535 3163 interpretatus
557 3077 614 3140 est
629 3067 700 3139 hoc
717 3067 800 3140 loco
818 3067 1007 3140 Euclidem
1026 3067 1182 3140 Clavius.

200 3180 340 3268 Terti0,
367 3179 554 3252 videamus
582 3180 669 3274 quid
697 3180 744 3252 sit
763 3182 898 3274 jacere
926 3181 963 3252 io
992 3180 1182 3252 directum.

148 3292 270 3365 Verba
282 3292 345 3364 illa
356 3292 490 3388 jocero
507 3292 544 3363 in
563 3291 743 3365 directum
760 3318 867 3389 quem
885 3294 1005 3366 locum
1024 3293 1060 3365 iu
1078 3293 1183 3365 lineis

148 3427 223 3476 non
245 3405 355 3477 rectis
380 3404 514 3475 habere
542 3414 707 3500 possunt,
722 3428 797 3477 non
824 3405 1009 3500 intelligo:
1036 3429 1121 3476 uam
1151 3406 1182 3478 si

148 3539 235 3588 cero
253 3528 350 3604 sunt,
365 3517 473 3610 juxta
495 3515 833 3611 interpretationem
860 3517 987 3605 elavit,
1004 3517 1068 3613 qui
1091 3516 1182 3591 dicit

148 3627 240 3701 duos
258 3652 363 3701 arcus
380 3627 450 3715 FC,
469 3627 519 3701 CI
538 3629 676 3722 jacere
702 3629 740 3700 in
762 3629 952 3717 directum,
970 3629 1080 3702 etiam
1099 3629 1181 3703 duae

147 3744 312 3816 semisses
330 3740 492 3838 ejusdem
511 3741 637 3814 circuli
656 3742 830 3838 jacebunt
852 3742 890 3815 in
915 3743 1116 3825 directum:
1143 3757 1181 3816 et

146 3856 260 3952 (quod
276 3855 362 3927 inde
380 3855 559 3950 sequitur)
579 3867 717 3950 puncta
728 3856 852 3928 omnia
866 3856 978 3928 totius
992 3856 1179 3952 perimetri

138 3968 316 4065 jacebunt
332 3969 371 4041 in
388 3968 567 4041 directum
582 4000 591 4053 ;
617 3982 655 4043 et
671 3981 848 4065 punctum
866 3980 987 4064 potest
1002 3970 1140 4041 moveri
1158 3994 1181 4041 a

147 4085 228 4158 loco
248 4107 325 4172 suo,
343 4083 459 4155 donec
477 4083 523 4155 ad
541 4083 696 4156 eundem
719 4084 840 4156 locum
858 4079 984 4156 redeat
1001 4095 1103 4154 motu
1125 4082 1179 4154 di-

147 4209 262 4285 recto,
281 4208 318 4268 et
334 4197 400 4268 fiat
415 4196 611 4291 perimeter
628 4207 729 4269 recta
746 4196 853 4268 linea.

196 4310 393 4382 Videamus
417 4322 560 4406 quarto,
578 4309 668 4406 quid
693 4310 743 4384 sit
765 4308 968 4384 inclinatio.
1020 4309 1178 4383 Quando

246 4444 338 4496 vot.
360 4445 415 4495 tv.
1014 4444 1039 4495 o
1053 4443 1079 4494 n

1226 676 1368 711 »Ὗ-κ

1232 736 1267 780 De
1275 734 1363 793 angulo.
