2946 5010
356 414 669 470 munnunfflon
690 413 932 467 nonrnnnnr.
1115 400 1163 465 59

174 580 225 656 A.
250 579 374 667 Mala;
416 604 484 654 nec
517 579 769 677 intelligibilis,
807 577 945 652 nedum
978 587 1164 652 accurata.
1200 605 1349 649 unrocus

124 693 229 768 Inter
244 718 414 791 quaencm
434 717 501 767 suu
516 693 629 790 ipsius
645 703 784 789 punctu
799 701 923 788 potest
940 690 1166 788 interjacere

122 807 222 881 lineo
244 818 358 895 rectu,
380 817 628 904 praeterquam
650 806 747 880 inter
766 805 960 880 extrema?
1009 806 1058 879 Et
1074 829 1166 902 quo-

124 919 238 1009 modo
265 920 364 993 inter
392 943 439 993 ea
465 944 513 994 ea
541 944 647 1017 aquo
680 919 876 1016 interjacet
908 918 1025 1014 magis
1055 942 1166 1015 quam

125 1057 251 1123 cuma,
275 1031 347 1105 nisi
372 1032 469 1106 forte
492 1030 592 1128 quod
614 1056 690 1106 non
710 1031 869 1106 declinet
891 1032 938 1105 ab
955 1031 1080 1128 aliqua
1095 1031 1168 1105 alia

124 1146 235 1237 linea,
253 1145 383 1218 ecdem
399 1144 558 1218 hibente
573 1154 751 1234 extrema,
764 1144 882 1240 magis
898 1145 938 1219 in
953 1167 1066 1218 unam
1082 1168 1167 1240 pur-

123 1270 204 1334 tem
230 1282 340 1354 quam
364 1257 404 1330 in
426 1248 561 1330 aliam?
613 1256 725 1332 Quod
750 1258 782 1331 si
805 1259 860 1331 ita
881 1258 942 1348 sit,
963 1280 1076 1354 quare
1092 1281 1168 1331 non

125 1383 282 1469 possunt
309 1394 389 1444 esse
415 1370 514 1443 inter
539 1369 668 1444 eadem
692 1382 831 1466 puncta
855 1383 1022 1445 extrema
1044 1371 1170 1468 plures

126 1496 240 1559 rectae
265 1484 385 1558 lineae.
436 1485 629 1574 Praeterea,
655 1485 812 1581 intelligi
837 1508 911 1558 non
935 1495 1058 1580 potest
1078 1508 1170 1580 quo·

126 1598 240 1672 modo
256 1598 354 1671 linea
370 1608 472 1670 rectu
490 1623 536 1672 ea
553 1623 662 1695 aquo,
689 1598 729 1670 id
746 1609 813 1687 est,
836 1598 1038 1695 aequaliter,
1055 1597 1169 1669 inter-

122 1713 250 1809 jacere
267 1711 366 1784 inter
387 1734 455 1784 suc
471 1722 636 1785 extrema
651 1711 808 1802 dicatur,
830 1713 902 1786 nisi
923 1712 1171 1807 intelligamus

127 1825 230 1922 prius
248 1824 340 1919 quid
356 1825 406 1898 sit
422 1823 577 1921 equale.

178 1938 229 2012 Β.
255 1936 431 2010 Definitio
458 1938 655 2033 aequalium
679 1939 726 2011 ab
753 1937 918 2029 Euclide,
943 1937 1068 2011 nescio
1098 1961 1172 2034 qua

130 2050 177 2124 de
194 2073 317 2138 conso,
329 2049 575 2145 praetermissa
591 2063 669 2134 est;
697 2073 907 2147 quanquam
929 2049 1028 2123 circa
1049 2073 1171 2146 aequn-

128 2163 272 2238 litatem
289 2175 328 2236 et
340 2162 627 2260 inaequalitatem
644 2163 762 2238 omnis
778 2174 945 2237 versetur
957 2163 1170 2257 geometria.

180 2275 231 2350 A.
256 2275 415 2349 Axiomu
430 2287 603 2349 octavum
619 2276 668 2350 ad
679 2276 909 2349 Elementum
922 2275 1082 2372 primum
1098 2275 1173 2347 Eu·

131 2389 250 2478 clidis,
279 2389 398 2462 instar
427 2388 647 2463 definitionis
679 2399 735 2462 est
762 2388 954 2485 equalium
979 2387 1172 2479 linearum,

132 2503 192 2577 rel
225 2501 338 2575 etiam
372 2499 568 2599 equalium
600 2501 890 2600 superficierum,
924 2524 1057 2596 nempe
1088 2501 1173 2590 hoc,

131 2639 216 2714 qaae
228 2613 302 2687 eibi
313 2622 434 2687 maluo
447 2624 665 2713 congruunt,
677 2640 724 2687 ea
738 2615 837 2688 iuter
848 2639 889 2687 ee
900 2624 984 2689 caat
998 2613 1175 2712 aequalia.

184 2725 232 2800 Β.
259 2727 347 2799 Non
373 2739 429 2799 est
456 2751 500 2799 ea
528 2727 724 2824 aequalium
753 2726 933 2816 definitio,
962 2750 1173 2824 quanquam

133 2863 223 2913 reru
239 2840 453 2935 propositio,
471 2852 510 2913 et
527 2864 610 2936 quae
626 2839 752 2913 multis
771 2840 1009 2914 theorematis
1027 2840 1177 2914 demon·

135 2952 297 3027 strandis
324 2953 411 3026 setis
438 2953 532 3026 bene
555 2954 785 3038 inservierit;
812 2953 878 3026 sed
892 2954 1039 3027 videtur
1054 2953 1177 3050 potius

136 3066 335 3162 descriptio
353 3066 522 3163 quaedcm
539 3067 629 3163 ejus,
653 3065 752 3163 quod
767 3066 908 3139 faciunt
924 3066 977 3138 illi
995 3066 1059 3161 qui
1076 3090 1178 3161 mag-

134 3179 325 3254 nitudines
347 3203 471 3253 rerum
492 3180 705 3254 metiuntur.
757 3180 853 3253 Nam
871 3179 936 3275 qui
952 3190 1179 3266 mensurant,

138 3316 347 3366 mensuram
364 3317 567 3390 congruere
583 3293 724 3367 faciunt
741 3317 826 3366 cum
838 3302 1061 3366 mensurato,
1104 3291 1180 3364 De·

137 3405 205 3478 fini
222 3429 311 3502 ergo
328 3407 495 3502 aequalia.
1081 3469 1083 3472 ,

188 3515 237 3591 Α.
262 3517 448 3617 AEqualia
471 3528 556 3591 eunt
580 3518 679 3591 iuter
700 3541 743 3590 ce
766 3539 940 3614 corpora,
965 3540 1046 3614 qua
1062 3513 1180 3588 eidem

139 3628 219 3704 loeo
250 3655 457 3729 congruere
483 3640 652 3729 possam.
702 3631 762 3716 Et,
796 3628 961 3728 aquales
994 3629 1180 3726 maguitu-

140 3742 248 3818 dinec
264 3753 350 3817 caut
366 3743 638 3841 magnitudines
656 3742 846 3840 equalium
862 3765 1064 3840 corporum.

190 3858 241 3930 Β.
270 3856 341 3929 Hae
371 3856 518 3952 quidem
546 3856 776 3929 definitiones
803 3865 890 3928 sunt
920 3877 1117 3949 corporum
1144 3864 1182 3927 et

140 3968 438 4065 magnitudinum
472 3968 677 4068 equalium,
704 3992 780 4041 non
813 3977 937 4040 autem
969 3966 1183 4062 simpliciter

141 4081 348 4179 equalium.
400 4081 498 4155 Nam
530 4091 741 4179 temporum,
770 4089 939 4169 motuum,
964 4079 1184 4179 ponderum,

141 4197 371 4291 aliorumque
404 4218 527 4268 rerum
568 4195 765 4270 multarum
798 4192 1013 4289 aequalitnti,
1053 4205 1185 4266 neutra

142 4333 270 4384 earum
287 4307 464 4405 applicari
482 4319 614 4403 potest.

1204 688 1348 792 L
