2956 5018
300 434 720 487 rnoroarrounnraus
739 434 785 486 ru
807 433 988 485 annana.
1092 416 1163 494 475

175 602 359 677 Dividitur
387 626 475 699 ergo
504 614 605 676 recta
626 601 692 675 GV
708 600 876 674 bifariam
901 601 939 673 in
962 599 1014 689 H,
1036 611 1075 673 et
1095 600 1166 672 cir·
1200 621 1381 667 nrrrsmx.

125 717 228 790 culus
253 716 457 812 descriptus
480 714 584 788 radio
604 715 672 787 ΗΡ
689 714 822 788 transit
838 737 905 809 per
918 726 1057 811 puncta
1073 714 1117 801 G,
1136 714 1167 799 l,
1206 691 1362 730 ’γ’

124 832 164 917 P,
177 831 224 918 D,
237 831 282 914 V,
294 829 337 903 Y.
392 830 460 903 Est
477 853 565 925 ergo
583 829 739 925 angulus
757 828 857 900 GYV
869 827 907 899 in
924 826 1164 900 semicirculo.

173 943 240 1016 Est
262 943 376 1038 igitur
401 955 482 1014 tum
512 941 641 1031 IGYV,
660 954 739 1015 tum
760 939 919 1029 GMXY,
945 952 1026 1014 turn
1056 940 1168 1014 etiam

127 1056 185 1151 (ut
202 1066 290 1129 ante
307 1067 495 1128 ostensum
513 1056 584 1149 est)
606 1053 741 1128 IMXV
758 1054 1026 1150 rectangulum.

176 1168 306 1264 ltaque
331 1167 517 1264 triangula
542 1166 758 1263 rectangnla
784 1167 905 1255 GDM,
921 1166 1047 1253 MDX,
1061 1165 1169 1238 XDV

125 1281 257 1354 similia
274 1293 380 1354 sunt:
406 1293 443 1354 et
456 1293 664 1378 propterea,
679 1293 840 1376 quatuor
857 1290 970 1353 rectae
984 1279 1063 1367 DG,
1078 1279 1168 1366 DM,

125 1394 209 1482 DX,
220 1393 289 1466 DV
303 1395 477 1467 continue
494 1391 808 1490 proportionales:
826 1416 981 1488 quarum
995 1391 1085 1481 DM,
1096 1392 1168 1466 DX

125 1519 211 1580 sunt
228 1506 358 1580 media:
376 1506 551 1601 quaesitae.
603 1506 697 1579 Item
715 1504 796 1593 ΟΕ,
811 1505 889 1593 OV,
908 1505 972 1594 Ol,
991 1505 1065 1578 OM
1083 1529 1170 1579 con-

128 1621 232 1693 tinue
254 1619 570 1716 proportionales:
596 1642 752 1715 quarum
766 1618 845 1708 OV,
863 1618 915 1692 Ol
934 1631 1021 1692 sunt
1037 1618 1169 1692 mediae

126 1733 300 1828 quaesitae.
353 1732 448 1805 Item
465 1732 538 1820 PY,
556 1731 634 1819 PX,
653 1731 736 1820 PM,
755 1731 801 1804 Pl
820 1732 993 1805 continue
1017 1755 1170 1827 propor-

127 1846 305 1919 tionales:
333 1869 488 1942 quarum
505 1845 583 1934 PX,
601 1845 672 1919 PM
692 1856 778 1917 sunt
795 1845 925 1918 mediae
943 1844 1117 1941 quaesitae.

179 1956 316 2030 Coroll.
350 1958 535 2033 Quoniam
563 1958 645 2045 YX,
682 1958 757 2031 GM
793 1972 880 2031 sunt
914 1957 1098 2054 parallelae
1132 1970 1171 2032 et

127 2069 296 2166 aequales
315 2072 405 2143 item
424 2072 511 2161 GM,
529 2071 598 2144 VR
615 2071 798 2167 parallelae
817 2084 855 2144 et
874 2072 1044 2168 aequales,
1062 2084 1172 2146 erunt

126 2197 239 2256 rectae
257 2184 323 2256 VY
341 2196 379 2257 et
396 2184 469 2257 XR
482 2184 653 2282 aequales.

177 2296 280 2369 Idem
309 2297 554 2371 demonstrari
581 2309 705 2394 potest
723 2321 768 2370 ex
786 2321 830 2371 eo
847 2298 938 2394 ipso,
957 2296 1055 2393 quod
1072 2310 1173 2372 recta

127 2411 192 2484 DE
219 2423 275 2484 est
308 2411 431 2484 media
457 2411 741 2508 proportionalis
770 2411 867 2484 inter
893 2410 962 2483 AD
992 2423 1029 2484 et
1061 2412 1175 2508 ipsius

130 2524 321 2596 semissem
338 2524 419 2615 Dv,
437 2524 508 2598 hoc
525 2523 657 2598 modo:

180 2637 364 2711 Quoniam
389 2647 513 2711 autem
541 2637 674 2734 RCEy,
693 2637 798 2736 ,cm
823 2649 910 2711 sunt
928 2637 1118 2734 quadrata,
1136 2647 1174 2710 et

129 2749 193 2838 Ομ,
213 2750 273 2822 ΟΕ
291 2752 471 2847 aquales:
497 2762 607 2824 erunt
623 2762 698 2824 tres
716 2763 827 2825 rectae
842 2753 909 2849 Cp,
924 2753 992 2848 yE,
1009 2750 1073 2839 ΟΙι,
1088 2775 1174 2823 con-

127 2863 231 2936 tinue
248 2864 540 2960 proportionales
564 2865 603 2937 in
626 2866 770 2938 ratione
799 2866 859 2938 ΟΕ
876 2865 925 2938 ad
942 2865 1007 2955 Ch,
1035 2865 1074 2938 id
1103 2876 1172 2954 est,

128 2977 166 3049 in
185 2978 328 3050 ratione
346 2977 411 3050 DC
428 2978 477 3051 ad
493 2978 572 3067 DE,
590 2979 648 3052 vel
680 2979 745 3052 DE
763 2977 811 3051 ad
845 2979 920 3051 DF.
975 2978 1015 3051 Si
1040 3001 1129 3074 ergo
1151 3001 1175 3051 a

129 3103 267 3184 puncto
296 3090 325 3163 Ο
351 3103 517 3164 sumatur
545 3091 600 3164 Οω
627 3093 777 3187 aequalis
801 3091 867 3179 ΟΙι,
892 3105 1001 3164 emnt
1024 3091 1089 3186 Cy,
1108 3091 1173 3181 Ομ,

131 3200 185 3272 Οω
203 3202 378 3274 continue
395 3203 697 3298 proportionales.
740 3203 853 3277 Quod
866 3203 897 3275 si
910 3204 956 3276 ab
974 3237 999 3273 ω
1017 3202 1175 3276 ducatur

130 3313 178 3386 ad
194 3315 289 3386 latus
304 3314 370 3387 DC
381 3313 705 3411 perpendicularis,
721 3326 829 3388 erunt
845 3315 884 3388 in
899 3314 960 3388 ΟΕ
971 3316 1043 3389 tria
1055 3316 1176 3411 spatia

130 3428 303 3500 continue
329 3428 617 3525 proportionalia
640 3451 798 3525 quorum
823 3428 1016 3502 minimum
1033 3439 1089 3502 est
1105 3428 1172 3502 ΙιΕ.

132 3541 316 3621 Quoniam
345 3553 468 3614 autem
499 3552 556 3614 est
582 3553 625 3614 ut
647 3540 713 3614 DC
730 3541 778 3613 ad
795 3541 861 3614 DE
886 3542 940 3614 ita
965 3541 1024 3615 ΟΕ
1042 3541 1091 3614 ad
1107 3540 1174 3630 Ch,

132 3654 202 3727 crit
230 3655 326 3727 ratio
344 3654 409 3728 Dc
437 3654 485 3727 ad
511 3654 577 3727 DE
603 3654 652 3727 ad
675 3655 856 3727 rationem
885 3654 951 3728 DC
980 3654 1028 3728 ad
1054 3653 1114 3727 Db
1129 3667 1175 3727 ut

130 3767 224 3840 ratio
242 3767 428 3863 triplicata
445 3767 492 3840 ad
509 3768 689 3848 rationem
708 3765 943 3863 duplicatam.
987 3768 1061 3841 Sed
1077 3769 1176 3841 ratio

130 3879 196 3952 DC
213 3879 261 3952 ad
278 3881 349 3953 DX
367 3894 425 3954 est
443 3880 630 3977 duplicata
643 3878 795 3953 rationis
813 3879 879 3952 DC
895 3880 943 3953 ad
961 3880 1032 3953 Dh.
1075 3880 1173 3953 Nam

129 4017 206 4065 non
236 3993 346 4066 modo
375 3994 450 4082 DF,
476 3994 554 4083 DE,
579 3993 658 4083 DC,
688 3991 890 4066 sedetiam
917 3993 993 4082 DF,
1012 3993 1096 4083 DX,
1114 3991 1174 4067 DI:

130 4119 216 4178 sunt
233 4106 406 4179 continue
423 4106 737 4203 proportionales:
765 4117 803 4179 et
818 4105 974 4201 proinde
992 4108 1086 4182 ratio
1104 4107 1171 4180 DC

130 4219 176 4291 ad
201 4219 261 4292 DI:
292 4217 479 4315 duplicata
505 4232 561 4293 est
590 4219 743 4294 rationis
772 4220 836 4293 DE
867 4219 914 4293 ad
941 4220 1023 4294 DX.
1079 4220 1172 4295 Sunt
