2946 5010
359 425 671 479 mnrnnnnnrcn
691 425 932 477 noorannn.
1114 409 1157 475 81

125 592 223 666 inter
250 615 290 666 se
320 593 468 667 habeut.
520 593 662 668 Octava
681 592 775 665 sicut
799 602 913 680 sexta,
936 588 1164 666 demonstra·
1204 617 1350 658 nitrosus

124 705 206 779 bilis
222 716 294 779 est.
1204 698 1347 801 ,L

171 818 223 891 B.
251 816 447 893 Quomodo
465 817 645 891 rationem
663 818 839 913 majorem
856 814 985 888 definis
1002 814 1071 888 tu?

173 929 224 1004 Α.
251 931 449 1004 Rationem
480 930 627 1026 quidem
660 932 847 1026 mojorem,
881 929 1058 1002 rationem
1083 952 1164 1001 crae

122 1041 209 1118 dico
236 1043 394 1139 majoris
427 1043 680 1117 antecedentis
714 1044 770 1117 ad
799 1043 895 1117 idem
928 1066 1162 1140 consequens,

121 1155 185 1230 cel
215 1156 378 1251 ejusdem
410 1156 661 1230 antecedentis
694 1157 750 1230 od
781 1179 1000 1255 consequent
1032 1156 1161 1230 minua.

122 1267 321 1343 Rationem
345 1280 467 1344 autem
497 1270 668 1343 minorem
693 1293 775 1343 ease
799 1270 982 1344 rationem
1012 1268 1163 1342 minoris

123 1382 378 1456 antecedentis
401 1383 456 1457 ad
482 1382 579 1457 idem
595 1407 825 1480 consequens,
842 1384 901 1458 vel
918 1382 1079 1478 ejusdem
1097 1407 1162 1457 an·

123 1495 326 1570 teeedentis
342 1496 391 1570 ad
407 1520 634 1594 consequens
649 1499 779 1593 majus.

179 1607 223 1682 B.
249 1609 443 1685 Accurate.

175 1723 226 1798 A.
252 1724 372 1813 Nona,
391 1725 555 1800 definitio
572 1749 646 1799 non
663 1735 731 1816 est,
749 1725 815 1798 sed
830 1725 1032 1822 propositio
1046 1724 1162 1820 gratis

122 1850 323 1934 assumpta,
340 1862 483 1935 nempe,
496 1838 775 1937 proportionem
799 1837 838 1910 ia
857 1836 977 1910 tribue
995 1838 1162 1912 terminia

118 1950 364 2049 paucissimis
392 1950 621 2034 conantem
645 1975 730 2024 cum
760 1964 884 2023 tamem
909 1962 1079 2023 accurate
1108 1950 1162 2023 lo-

125 2063 284 2160 quendo,
302 2065 478 2138 consistat
501 2066 538 2138 in
565 2076 722 2160 quatuor
743 2063 981 2161 paucissimis.
1033 2063 1163 2138 Omnis

124 2177 225 2250 enim
240 2178 336 2252 ratio
349 2178 518 2251 consistit
531 2179 569 2252 in
583 2178 725 2252 dnobus
742 2176 907 2251 terminis
920 2176 1160 2273 paucissimis

124 2301 165 2362 et
181 2290 299 2363 omnis
311 2290 498 2386 proportio
508 2291 547 2363 in
558 2290 699 2364 duabus
708 2289 935 2387 paucissimis
945 2289 1158 2362 rationibus.
1205 2384 1208 2390 Ι

127 2401 286 2477 Quando
300 2427 387 2477 vcro
406 2403 487 2476 duae
504 2404 727 2499 quantitates
745 2402 874 2476 mediae
892 2402 1049 2498 aeqnales
1066 2402 1161 2475 inter

124 2536 166 2587 se
195 2527 292 2605 sunt,
333 2515 372 2589 id
402 2541 477 2590 non
506 2540 699 2591 numerum
742 2516 874 2591 minuit
911 2517 1162 2590 terminorum.

125 2626 309 2701 Elementi
338 2628 446 2725 hujus
474 2630 593 2725 quinti
620 2629 851 2704 definitiones
870 2629 996 2703 decem
1013 2629 1163 2727 reliquae

124 2753 307 2815 accuratae
324 2755 421 2816 sunt.

175 2853 226 2927 B.
251 2853 493 2929 Transeamus
528 2879 617 2953 ergo
647 2858 693 2930 ad
722 2856 953 2932 definitiones
982 2858 1163 2932 Elementi

125 2967 232 3040 sexti.

176 3079 227 3153 A.
253 3080 348 3155 Sunt
360 3080 444 3172 illae,
463 3094 617 3179 excepta
637 3084 776 3179 quinta,
795 3108 877 3180 quae
894 3094 931 3157 et
949 3084 1078 3157 ultima
1094 3096 1161 3173 est,

124 3216 253 3267 omnes
268 3207 461 3269 accuratae.
514 3195 611 3269 Nam
627 3196 690 3270 illa
706 3198 846 3292 quinta,
860 3222 944 3270 cum
957 3209 994 3269 et
1011 3196 1162 3270 demon-

125 3307 237 3379 strari
253 3307 368 3403 possit
385 3320 423 3381 ct
437 3308 748 3384 demonstratione
765 3310 941 3409 indigeat,
959 3334 1078 3406 neque
1095 3334 1161 3407 pro

126 3418 352 3511 definitione,
383 3444 502 3517 neque
534 3446 602 3518 pro
632 3424 811 3520 principio
841 3424 1162 3498 demonstrationis

124 3532 254 3606 haberi
272 3532 392 3607 debet.
434 3534 501 3608 Est
518 3548 643 3609 autem
658 3536 759 3621 haec;
777 3538 878 3611 ratio
892 3563 939 3611 ea
955 3538 1162 3612 rationibus

124 3645 294 3743 campum
311 3645 462 3736 dicitnr,
477 3671 556 3719 cum
569 3647 754 3731 rationum
771 3651 998 3746 quantitates
1011 3651 1108 3724 inter
1120 3675 1163 3723 re

123 3757 288 3856 αἰὶφιαηι
303 3759 495 3855 effecerint
510 3760 700 3836 rationem.

173 3873 226 3945 B.
254 3871 489 3962 Demonstro,
536 3874 708 3969 qnoniam
754 3874 1036 3948 demonstrabile
1083 3899 1161 3949 esse

125 3984 263 4075 dixisti,
287 4008 333 4058 ex
355 3986 658 4083 multiplicatione
681 3987 779 4059 inter
804 4011 843 4060 se
865 3987 1161 4063 antecedentium

124 4099 282 4174 duarum
308 4100 505 4190 rationum,
530 4111 636 4174 etex
661 4100 965 4197 multiplicatione
999 4102 1095 4176 inter
1122 4126 1160 4176 se

124 4213 442 4310 consequentium,
472 4214 627 4288 existere
656 4215 817 4311 ipsarum
842 4214 1026 4290 rationum
1051 4218 1159 4291 unius

123 4325 170 4400 ad
186 4327 345 4402 alteram
361 4325 599 4401 additionem.

221 4461 320 4516 von.
334 4461 394 4514 tv.
1037 4464 1064 4516 a
