2946 5010
382 434 436 486 nrt
456 432 758 486 maenianorum
778 432 962 486 mecum.
1114 415 1187 483 365

150 605 211 687 Ως
230 602 333 697 quus
350 612 462 673 rectae
480 598 553 674 Dtt
565 597 786 695 quadratum
799 597 939 694 aequale
952 607 1009 671 est
1025 619 1089 670 sex
1101 621 1190 693 qna-

150 715 264 788 dratis
280 738 303 785 a
320 711 515 785 semiradio
533 711 620 795 AG;
647 734 691 784 ac
708 710 865 807 proinde
877 708 1078 805 ipsamltlt
1102 708 1192 783 duc-

150 841 238 914 tam,
257 824 434 921 aequalem
452 847 531 896 esse
554 823 741 920 diagonali
768 822 937 919 quadrati
965 824 1069 918 cujus
1096 822 1193 896 latus

151 953 209 1012 est
226 935 288 1013 Gt
302 936 362 1010 vel
380 936 448 1024 Fls,
467 958 622 1032 quarum
638 935 778 1008 utravis
795 946 920 1031 potest
947 934 1099 1031 triplum
1116 936 1195 1031 ejus

152 1050 253 1148 qnod
272 1060 396 1146 potest
418 1047 502 1122 AG.
554 1047 677 1123 Etiam
703 1048 870 1145 (propter
895 1048 1052 1122 eandem
1082 1048 1194 1123 ratio-

152 1167 252 1256 nem)
274 1163 454 1259 quadrata
480 1161 604 1235 omnia
630 1172 815 1234 rectarum
843 1161 910 1248 SZ,
927 1160 1001 1251 Yb,
1021 1185 1196 1236 unacum

153 1276 461 1373 consequentibus
495 1275 604 1348 simul
640 1275 810 1348 omnibns
849 1298 917 1371 per
950 1287 1091 1349 rectam
1127 1276 1196 1349 SM

154 1390 426 1476 scandentibus,
446 1386 554 1460 simul
570 1400 729 1484 sumpta,
747 1386 888 1460 faciunt
901 1386 1094 1462 dimidium
1108 1412 1198 1485 qua-

155 1503 252 1576 drati
269 1528 291 1576 a
309 1515 411 1581 recta
428 1502 488 1574 DS
504 1533 513 1584 ;
541 1515 579 1573 et
594 1500 749 1597 proinde
766 1499 987 1597 quadratum
1004 1501 1104 1598 quod
1126 1502 1198 1577 illis

156 1616 325 1689 omnibus
343 1613 483 1710 aequale
501 1624 569 1701 est,
587 1636 655 1709 pro
673 1612 788 1686 latere
806 1613 918 1686 habet
936 1613 1096 1687 mediam
1112 1637 1198 1711 pro-

157 1729 400 1827 portionalem
417 1728 514 1801 inter
530 1726 592 1799 DS
606 1741 644 1800 et
661 1726 774 1823 ipsius
792 1727 990 1801 semissem.
1032 1727 1199 1803 Semissia

159 1855 282 1916 autem
299 1843 377 1937 ejus
395 1855 452 1915 est
468 1853 572 1914 recta
591 1841 660 1913 Fu.

522 2067 774 2120 PROPOSITIO
793 2069 834 2119 V.

212 2185 329 2258 Recta
345 2185 413 2257 AO
431 2196 487 2258 est
509 2185 631 2258 media
655 2186 942 2282 proportionalis
966 2187 1063 2260 inter
1081 2186 1147 2261 AB
1165 2201 1204 2261 et

162 2315 320 2395 quatuor
339 2298 486 2395 quintas
510 2312 633 2393 partes
661 2299 776 2395 ipsius
802 2300 880 2373 AB.
934 2300 1051 2373 Recta
1080 2312 1204 2373 autem

162 2412 224 2485 DS
243 2411 435 2484 mediaest
452 2411 735 2506 proportionalis
752 2413 849 2486 inter
859 2412 925 2486 ΑΒ
943 2427 982 2486 et
999 2413 1206 2512 duasquin-
1264 2409 1268 2414 ⁸

164 2542 220 2599 tas
235 2525 399 2621 ejusdem
417 2524 496 2598 ΑΒ.

215 2640 381 2712 Ducntnr
398 2637 475 2723 ΑΕ,
493 2659 621 2710 secans
640 2637 707 2710 RO
725 2637 762 2710 in
780 2662 805 2711 n
821 2667 830 2711 :
848 2638 887 2710 in
906 2662 1017 2735 quam
1038 2639 1208 2714 demitta-

164 2769 226 2826 tur
238 2750 550 2848 perpendicularis
567 2751 646 2822 ΒΧ.
682 2751 780 2826 Quia
792 2775 880 2848 ergo
897 2753 1083 2850 triangula
1096 2754 1207 2844 ABE,

166 2867 269 2938 AXB
287 2865 463 2961 angulum
480 2863 619 2937 habent
633 2863 681 2935 ad
695 2865 729 2936 A
747 2889 992 2955 communem,
1004 2877 1042 2940 et
1055 2867 1210 2964 angulos

167 2979 214 3051 ad
233 2980 263 3050 B
281 2992 320 3050 et
337 2978 374 3050 X
392 2991 526 3063 rectos,
540 2976 612 3048 erit
629 2991 672 3049 ut
690 2977 755 3048 ΑΕ
767 2977 817 3050 ad
829 2978 908 3065 AB,
922 2979 976 3052 ita
987 2979 1054 3052 AB
1067 2979 1115 3052 ad
1125 2979 1210 3053 AX.

169 3093 263 3163 Sunt
293 3113 381 3184 ergo
405 3090 482 3172 Ae,
504 3089 580 3176 AB,
600 3088 669 3160 Ax
703 3091 878 3163 continue
905 3091 1211 3188 proportionales.

168 3204 289 3274 Docta
305 3215 429 3274 antem
449 3199 482 3271 X
480 3201 521 3296 f
530 3214 678 3272 secante
697 3202 763 3273 AB
780 3202 819 3274 in
832 3202 873 3297 f
883 3203 930 3275 ad
954 3203 1109 3299 angulos
1132 3227 1213 3276 rec-

169 3331 237 3402 t08‚
273 3328 382 3386 erunt
417 3314 528 3386 etiam
563 3313 695 3385 similia
735 3314 920 3409 triangula
955 3317 1072 3403 AXB,
1090 3319 1123 3389 A
1119 3316 1160 3412 s
1162 3316 1212 3389 X.

171 3429 321 3500 Habent
339 3428 437 3499 enim
463 3427 638 3521 angulum
656 3427 704 3499 ad
722 3430 755 3500 Α
774 3452 1019 3519 communem,
1039 3442 1076 3502 et
1096 3453 1214 3527 angu-

171 3544 224 3614 los
242 3540 290 3613 ad
307 3540 344 3612 X
357 3553 396 3613 et
398 3539 439 3636 f
450 3553 582 3611 rectos.
635 3540 757 3614 Ducto
777 3541 890 3636 igitur
902 3543 1052 3641 arcuflt
1066 3556 1213 3617 secante

171 3654 237 3728 AC
265 3655 304 3725 in
331 3652 366 3741 h,
391 3665 500 3725 erunt
530 3666 606 3725 tres
630 3676 737 3725 arcus
762 3653 833 3741 BP,
861 3656 933 3744 eO,
947 3657 1014 3752 fh
1041 3657 1215 3730 continue

172 3766 476 3864 proportionales.
528 3766 623 3838 Sunt
647 3767 757 3840 etiam
783 3769 957 3842 continue
980 3771 1216 3866 proportion-

172 3882 247 3954 ales
266 3880 351 3967 ΒΜ,
366 3879 445 3968 ΑΒ,
460 3879 528 3952 tto
546 3879 621 3951 sive
639 3880 713 3954 DS.
758 3881 808 3954 Ut
827 3906 915 3977 ergo
929 3906 1036 3955 arcus
1053 3882 1128 3971 BD,
1140 3883 1216 3957 sive

173 4012 274 4068 recta
302 3993 374 4065 ΒΜ
403 3994 450 4065 ad
473 3994 550 4082 All,
580 3994 634 4066 ita
658 4007 713 4067 est
742 3996 930 4091 reciproce
961 3998 1129 4092 (propter
1151 3995 1217 4069 AB

173 4109 331 4182 mediam
349 4107 387 4178 in
406 4119 561 4201 utroque
579 4107 821 4202 analogismo)
842 4108 914 4181 Ax
934 4109 981 4181 ad
1000 4109 1079 4183 RO.

225 4222 423 4295 Intervallo
443 4220 512 4291 AX
531 4220 757 4317 intelligatur
781 4222 986 4319 descriptus
1003 4246 1110 4296 arcus
1129 4246 1219 4319 qua-

176 4338 329 4426 drantis,
347 4359 475 4408 secans
503 4334 567 4408 Ac
594 4334 754 4421 alicubi;
781 4335 925 4431 eritque
962 4349 1006 4410 ut
1032 4335 1219 4412 arcusBD

1238 625 1322 665 anor.
1339 623 1368 662 v.

1232 691 1374 728 κ-Ὑ-ν
