2946 5010
74 470 83 523 f
476 426 812 481 uaounrnnnuu.
1093 415 1168 479 453

121 626 126 635 ·
177 593 208 666 A
227 606 365 692 puncto
383 596 416 667 R
434 595 591 668 ducatur
608 606 710 668 recta
723 594 789 684 Ru,
804 618 931 668 secans
949 594 1017 668 ΑΙ)
1035 595 1073 667 in
1083 605 1118 683 β,
1130 607 1168 669 et
1200 620 1268 661 cnr.
1281 618 1358 660 xxo.

74 706 76 711 ’
121 706 190 783 BC
206 708 243 780 in
262 742 296 806 γ.
333 709 487 781 Secetur
505 708 560 805 By
576 706 755 780 trifariam
772 708 812 781 in
829 707 849 779 δ
865 719 902 782 et
916 735 950 780 r:
970 708 1167 782 ducantur·
1207 689 1351 791 M,

119 844 197 917 que
213 834 325 895 rectae
343 820 407 910 st,
426 831 464 894 et
481 821 528 894 Ra
546 831 713 894 secantes
730 845 857 894 arcum
871 821 923 893 Ba
940 821 978 893 in
997 853 1015 902 η
1032 830 1071 893 et
1087 827 1117 911 ζ,
1130 832 1169 895 et
1209 810 1292 871 '³⁸¹¹st

121 934 181 1021 Αβ
198 933 236 1007 in
251 937 271 1006 θ
288 947 327 1007 et
344 937 379 1008 λ.

175 1047 268 1121 Dico
287 1071 413 1120 arcum
431 1048 483 1120 Ba
500 1045 659 1120 divisum
685 1067 763 1118 esse
789 1045 969 1120 trifariam
987 1069 1011 1120 a
1028 1045 1169 1121 duabus

120 1161 236 1236 rectis
254 1161 319 1247 Ra,
339 1160 401 1242 Rt.

176 1275 273 1347 Nam
291 1287 443 1370 propter
460 1272 652 1369 parallelas
671 1273 739 1372 By,
755 1274 823 1364 Aa,
848 1273 965 1346 divisa
981 1285 1039 1347 est
1056 1275 1169 1348 etiam

120 1389 182 1472 -As
200 1388 376 1461 trifariam
393 1387 431 1459 in
450 1419 467 1467 η
486 1397 524 1458 et
540 1388 562 1456 λ
582 1387 627 1458 ab
645 1386 775 1458 iisdem
794 1387 905 1458 rectis
923 1387 987 1476 Rs,
1000 1388 1058 1461 Ra.
1102 1389 1170 1461 Est

123 1514 250 1574 autem
277 1501 333 1586 Aa
360 1499 408 1572 ad
433 1510 550 1572 totam
578 1499 647 1573 AD
670 1513 714 1573 ut
739 1523 847 1573 arcus
864 1500 1080 1597 quadrantis
1106 1501 1171 1574 de-

124 1613 254 1709 scripti
272 1610 463 1686 intervallo
480 1611 548 1699 Aa,
575 1611 625 1685 ad
641 1636 767 1685 arcum
785 1624 907 1686 totum
926 1614 993 1687 BD
1011 1613 1171 1712 descrip-

126 1740 207 1799 tum
225 1724 418 1797 intervallo
437 1723 516 1796 AD.

179 1839 303 1911 Etiam
325 1861 433 1911 arcus
451 1835 667 1933 quadrantis
695 1836 871 1936 descripti
888 1863 912 1914 a
929 1839 1041 1913 tertia
1064 1849 1170 1936 parte

127 1974 234 2025 arcus
253 1951 308 2038 Ao
323 1951 393 2023 erit
411 1951 521 2023 tertia
538 1974 622 2047 pars
641 1951 705 2024 Ba.

179 2064 297 2136 Arous
323 2062 537 2159 quadrantis
565 2062 739 2159 descripti
766 2063 813 2136 ab
831 2064 886 2137 Αθ
908 2065 956 2139 sit
974 2069 1015 2157 θμ
1027 2095 1037 2151 ;
1064 2089 1171 2139 arcus

128 2188 251 2250 autem
271 2174 485 2273 quadrantis
504 2173 678 2272 descripti
696 2177 742 2249 ab
761 2176 817 2264 Αβ
835 2178 883 2251 sit
898 2188 951 2264 βν.

180 2290 265 2362 Non
295 2289 471 2362 differunt
498 2312 586 2384 ergo
604 2312 711 2362 arcus
737 2288 811 2363 duo
825 2300 868 2375 βν
885 2302 922 2364 et
939 2291 992 2364 Ba
1010 2293 1105 2366 inter
1132 2316 1173 2367 se

129 2402 372 2500 longitudine,
408 2402 474 2475 sed
508 2402 705 2476 curvedine
735 2415 894 2495 tantum,
922 2429 1006 2478 cum
1037 2406 1086 2480 sit
1120 2407 1172 2480 Ba

129 2517 263 2604 minus,
280 2525 328 2614 βγ
355 2515 471 2611 magis
502 2539 625 2588 curva.
678 2515 781 2590 Idem
812 2517 1009 2591 dicendum
1038 2530 1093 2594 est
1125 2520 1172 2595 de

129 2655 218 2703 arcu
237 2634 289 2722 θμ,
308 2641 345 2702 et
363 2627 506 2702 caeteris
525 2628 695 2702 omnibus
712 2632 870 2705 arcubus
890 2631 1083 2731 descriptis
1112 2659 1172 2709 su-

129 2768 196 2841 per
214 2748 268 2833 θλ,
279 2747 336 2832 λβ,
355 2754 393 2816 et
411 2742 554 2817 caeteris
572 2744 729 2817 arcubus
756 2746 818 2840 qui
840 2746 961 2820 adhuc
989 2747 1173 2822 describe-

130 2871 259 2932 rentur
276 2880 386 2955 super
403 2857 533 2930 harum
545 2857 747 2954 aequalibus
757 2860 937 2958 partibus,
951 2864 1173 2959 comparatis

131 2998 214 3047 cum
228 2973 393 3069 partibus
407 2971 585 3044 similibus
599 2971 905 3047 circumferentiae
921 2973 985 3048 Ba.

182 3085 352 3180 Intellige
369 3086 447 3180 jam
464 3097 603 3181 puncta
619 3119 639 3156 a
655 3096 692 3158 et
708 3093 731 3169 β
748 3085 899 3159 admota
914 3110 994 3159 esse
1012 3088 1050 3161 in
1068 3088 1173 3161 lineis

131 3199 198 3271 AB
216 3210 253 3271 et
270 3208 312 3282 βα
330 3197 377 3269 ad
394 3207 416 3281 β
434 3210 521 3284 eta,
539 3209 577 3269 et
594 3197 750 3292 proinde
776 3221 902 3271 arcum
919 3207 962 3282 βν
984 3202 1108 3296 jacere
1135 3201 1174 3273 in

133 3311 197 3382 Ba.
249 3309 478 3403 congrueret
495 3331 585 3403 ergo
603 3331 687 3380 cum
705 3331 794 3381 arou
821 3309 901 3405 ipso
928 3312 992 3400 Ba,
1010 3313 1040 3384 si
1064 3311 1174 3386 modo

132 3421 255 3495 omnia
272 3433 411 3517 puncta
429 3423 458 3507 θ,
471 3422 505 3509 λ,
520 3434 558 3491 et
572 3444 701 3493 omnes
717 3432 840 3517 partes
857 3423 986 3498 harum
1005 3425 1175 3522 aequales,

132 3535 316 3608 ferrentur
343 3533 450 3606 simul
475 3532 511 3605 in
538 3533 612 3606 suis
630 3557 783 3630 quaeque
810 3535 916 3610 lineis
934 3537 1054 3611 ductis
1077 3539 1123 3612 ab
1142 3539 1177 3611 R

133 3647 251 3720 donec
281 3646 517 3742 pervenirent
544 3644 592 3720 ad
618 3670 745 3720 arcum
773 3647 835 3720 Ba.
891 3650 1049 3724 Necesse
1077 3652 1177 3724 enim

133 3774 243 3846 esset,
261 3761 292 3833 si
305 3766 361 3843 Aa
379 3773 417 3833 et
436 3761 484 3833 Ba
504 3759 620 3834 divisa
633 3773 756 3834 essent
774 3761 812 3836 in
831 3775 954 3859 partes
967 3765 1125 3862 aequales
1139 3767 1178 3840 iu

132 3886 225 3970 quot
246 3873 419 3970 possibile
437 3885 495 3947 est
521 3897 582 3948 eas
600 3874 727 3963 dividi,
745 3886 787 3948 ut
809 3876 963 3972 singulte
988 3878 1179 3952 abscinde·

135 3999 219 4061 rent
236 4000 380 4083 partem
398 4009 505 4059 arcus
523 3989 573 4060 Ba
590 3988 767 4085 aqualem
785 3989 979 4085 quadranti
1007 4015 1116 4089 super
1139 4018 1179 4068 se

136 4101 333 4196 descripto.
375 4098 499 4173 Quare
518 4100 630 4174 etiam
643 4113 744 4174 recta
764 4103 819 4174 Ro
835 4105 1017 4179 abscindit
1033 4106 1080 4179 ab
1091 4130 1181 4181 arcu

137 4215 186 4286 Ba
213 4214 358 4286 tertiam
390 4226 530 4308 partem
561 4238 669 4288 arcus
699 4215 759 4303 Bu,
784 4240 916 4313 nempe
947 4218 1017 4304 Βη;
1045 4233 1082 4294 et
1111 4222 1181 4312 Κλ,

138 4333 228 4404 duas
247 4327 374 4401 tertias
393 4325 568 4422 ejusdem.
