2946 5010
309 377 357 457 74
528 393 799 447 nunurnarro
819 395 871 448 nr
889 395 1139 449 nuuunnrro

120 589 271 631 unrocus
308 562 469 637 dimidio.
524 563 633 637 Unde
648 565 759 638 etiam
777 564 891 638 dividi
908 565 1003 638 solet
1020 564 1059 638 in
1076 563 1355 661 geometricam,

121 671 264 776 „IL
307 701 390 773 quae
419 700 442 751 a
468 677 669 773 geometris
698 677 914 773 simpliciter
942 678 1040 755 ratio
1066 677 1287 775 appellatur,
1316 689 1357 752 et

306 790 588 863 arithmeticam.
641 791 771 887 Itaque
805 799 829 863 6
856 791 904 865 ad
931 801 966 882 3,
1002 802 1040 866 et
1070 796 1093 874 7
1123 789 1172 866 ad
1199 797 1237 881 d,
1266 803 1356 866 sunt

306 903 436 976 eadem
452 903 547 977 ratio
563 904 807 990 arithmetica,
830 915 981 1001 propter
998 903 1245 979 differentiam
1266 929 1355 978 ean·

307 1017 390 1091 dem
409 1025 432 1090 3
449 1017 616 1091 absolute
634 1030 829 1114 sumptam.
883 1018 956 1092 Sed
978 1018 1017 1091 in
1038 1018 1183 1091 ratione
1205 1040 1355 1114 geome-

306 1130 411 1220 trica,
429 1137 452 1202 6
471 1130 519 1204 ad
538 1141 560 1204 3
579 1141 618 1203 et
634 1138 658 1203 8
676 1130 763 1205 adt
791 1129 920 1204 eadem
944 1144 1002 1204 est
1022 1131 1131 1218 ratio,
1154 1140 1355 1227 propterea

305 1244 406 1339 quod
431 1244 629 1340 utrobique
657 1243 866 1318 differentia
890 1257 947 1318 est
973 1243 1228 1319 antecedentis
1244 1243 1353 1316 dimi-

306 1358 419 1432 dium.
472 1358 656 1431 Caeterum
678 1357 774 1431 ratio
798 1357 1033 1430 arithmetica
1058 1380 1134 1430 non
1151 1368 1208 1430 est
1225 1356 1355 1433 habita

305 1471 353 1544 ab
378 1471 547 1544 omnibus
574 1494 643 1567 pro
669 1470 790 1567 specie
813 1469 987 1555 rationis;
1013 1469 1168 1543 fortasse
1195 1470 1282 1566 quia
1303 1469 1353 1544 ad

305 1583 405 1657 illam
424 1608 505 1681 quae
519 1596 577 1657 est
589 1584 628 1655 in
641 1582 856 1656 definitione
870 1582 1024 1656 rationis
1035 1581 1135 1683 apud
1144 1581 1351 1673 Euclidem,

305 1695 558 1770 habitudinem
587 1696 781 1792 quondam,
815 1719 891 1770 non
919 1697 1041 1792 potuit
1066 1694 1352 1769 accommodari.

305 1809 451 1907 Pappns
468 1821 592 1883 autem
611 1808 764 1883 rationis
783 1808 961 1883 tredecim
977 1808 1067 1882 facit
1088 1810 1242 1905 species,
1260 1833 1352 1907 qua-

304 1948 387 1998 rum
404 1922 498 1997 ratio
517 1922 751 1995 arithmetica
768 1934 825 1996 est
842 1946 928 1996 una.

353 2038 404 2111 B.
432 2037 547 2133 Perge
565 2035 700 2132 legere.

352 2151 402 2224 A.
429 2150 604 2225 Definitio
630 2159 783 2245 quarta:
812 2147 1028 2246 Propertio,
1046 2149 1353 2239 Graecisonoya

303 2273 361 2336 est
378 2264 563 2336 rationum
577 2260 797 2334 similitudo.

353 2375 399 2449 B.
428 2377 609 2451 Quaenam
628 2388 683 2447 est
702 2373 910 2447 differentia
934 2374 1032 2448 inter
1048 2373 1232 2448 rationem
1249 2374 1352 2448 aimi-

304 2489 386 2578 lem,
404 2489 591 2586 capitalem,
609 2501 647 2561 et
664 2487 851 2560 eandem?

352 2602 400 2676 A.
427 2601 539 2675 Nulla
556 2601 720 2674 omnino.
771 2601 869 2674 Nam
891 2600 1064 2690 rationes,
1095 2610 1118 2674 2
1137 2600 1186 2672 ad
1203 2610 1241 2691 4,
1269 2610 1350 2676 et3

302 2715 350 2789 ad
367 2725 403 2803 6,
421 2714 554 2787 eedem
572 2724 670 2799 sunt,
689 2724 726 2788 et
743 2714 897 2803 similes,
916 2727 955 2788 et
971 2712 1147 2810 equales.

351 2827 397 2901 B.
426 2827 620 2910 Quomodo
639 2827 815 2901 differunt
834 2827 932 2901 inter
954 2852 992 2901 se
1005 2826 1212 2926 proportio
1228 2840 1268 2901 et
1285 2853 1349 2901 ra·

301 2942 365 3031 dio,
384 2942 460 3015 Sive
477 2952 621 3027 ἀναλογία
639 2952 677 3015 ei
693 2953 807 3028 bdpoc?

351 3053 400 3127 A.
428 3065 526 3140 Λόγος
539 3054 699 3149 quidem,
713 3054 790 3127 sive
804 3053 913 3142 ratio,
927 3067 984 3128 est
994 3053 1221 3149 comparatio
1235 3078 1349 3150 quan·

300 3168 472 3251 titatum;
498 3169 689 3264 proportio
714 3192 814 3257 vero,
840 3167 916 3241 sive
940 3183 1092 3253 ἀναλογία,
1119 3178 1176 3239 est
1199 3191 1349 3264 compa-

299 3282 394 3355 ratio
406 3282 602 3370 rationum,
615 3282 690 3355 sive
701 3282 824 3378 potius
836 3280 1007 3378 repetitio
1018 3280 1172 3353 rationis
1182 3283 1349 3376 ejusdem

299 3394 338 3468 in
361 3395 441 3468 aliis
458 3395 736 3490 quantitatibus,
787 3394 955 3491 Exempli
979 3416 1113 3478 causa;
1140 3404 1163 3467 4
1183 3394 1232 3468 ad
1250 3405 1273 3469 3
1292 3408 1349 3471 est

298 3508 406 3596 ratio,
424 3519 462 3580 et
480 3515 503 3580 8
521 3507 569 3581 ad
585 3517 609 3580 6
628 3508 757 3581 eadem
780 3508 875 3581 ratio
902 3508 940 3579 in
964 3506 1045 3579 aliis
1063 3507 1346 3601 quantitatibus.

301 3625 374 3698 Sed
390 3625 509 3698 ambae
526 3623 699 3712 rationes,
717 3632 739 3696 4
759 3622 808 3695 ad
826 3632 848 3696 3
867 3634 906 3695 et
925 3629 948 3694 8
967 3621 1068 3709 add,
1087 3635 1174 3695 sunt
1190 3639 1346 3712 ἀναλογία

300 3739 461 3813 Quinta:
495 3736 690 3809 Rationem
714 3735 848 3808 habere
870 3735 968 3806 inter
994 3758 1037 3805 ee
1065 3735 1348 3832 magnitudines

299 3850 481 3941 dicuntur,
501 3844 1022 3948 qnoepossnntmultiplicatae
1038 3858 1217 3920 semmua
1235 3873 1347 3950 supe-

298 3986 398 4034 rare.
451 3964 570 4036 Proba
587 3976 654 4052 est,
673 3962 822 4036 sirecte
841 3959 1080 4055 intelligatur.
1132 3960 1230 4036 Quae
1247 3965 1346 4038 enim

298 4074 541 4169 multiplicata
554 4100 593 4149 se
606 4088 736 4150 mutuo
749 4085 904 4171 possunt
916 4096 1100 4168 superare,
1114 4074 1347 4173 homogenea

298 4198 405 4269 sunt;
427 4186 628 4284 eodemque
644 4211 780 4285 genere
798 4209 979 4260 mensurae
994 4189 1280 4275 mensurabilia;
1304 4203 1345 4267 ut

297 4299 545 4395 longitudines
570 4300 871 4396 longitudinibus
899 4300 1110 4395 superficies
1132 4306 1343 4398 superficie-
