2946 5010
360 432 675 484 marnnmarrcn
695 432 938 484 nonmnnm.
1115 415 1164 483 69

121 621 214 694 quas
235 621 408 694 superare
434 597 614 688 nesciunt,
632 622 680 671 ne
702 622 840 672 errasse
862 598 1068 682 videantur,
1094 599 1164 671 fin·
1200 624 1352 667 nnroous

122 724 217 807 gunt
241 711 428 807 possibilia
450 735 529 784 esse
554 736 636 808 quae
660 738 735 786 non
764 726 851 786 sunt
877 712 1077 809 possibilia,
1104 711 1165 784 vel
1203 707 1346 811 *L

121 825 254 898 dicunt
272 824 411 920 aliquid
429 826 528 921 quod
548 850 623 899 non
648 827 764 923 possit
781 825 937 922 intelligi
952 857 961 908 ;
988 824 1165 920 recipitur

123 951 249 1012 tamen
266 940 313 1011 ab
331 939 387 1027 iis,
402 940 465 1035 qui
484 939 626 1012 malunt
639 940 717 1012 sine
735 939 903 1012 molestia
915 939 1050 1011 habere
1065 938 1165 1035 quod

124 1052 263 1141 dicant,
282 1077 392 1148 quam
406 1076 491 1125 oum
508 1052 675 1126 molestia
692 1052 793 1149 quod
810 1051 982 1125 sentiant.

127 1231 131 1235 ,
175 1161 223 1235 Β.
251 1164 431 1236 Videntur
448 1176 571 1237 autem
596 1164 801 1260 intelligere
821 1163 960 1260 aliquid
978 1187 1044 1260 per
1065 1187 1167 1236 rare-

123 1277 324 1356 faetionem
336 1291 375 1350 et
393 1278 738 1351 condensationem:
765 1277 903 1373 alioqui
919 1301 995 1351 non
1012 1278 1166 1352 insulta-

124 1403 210 1464 rent
227 1391 264 1462 in
282 1414 345 1464 eos
362 1391 426 1486 qni
443 1391 607 1464 sentiunt
624 1391 861 1464 eontrarium.

176 1502 224 1577 A.
251 1504 356 1589 Puto,
390 1504 462 1576 hoo
495 1503 680 1586 sentiunt;
717 1505 756 1576 in
790 1504 1009 1577 tumescenti
1042 1504 1166 1600 aliquo

125 1636 293 1712 corpore,
327 1616 419 1688 nihil
449 1616 501 1688 illi
531 1616 723 1689 admisceri
755 1617 917 1712 eorporis
947 1617 1164 1690 adventitii:

125 1743 182 1818 nt,
200 1729 303 1802 verbi
320 1754 441 1812 eausa,
459 1729 634 1802 bulliente
655 1753 750 1825 aqua
772 1730 863 1803 nihil
888 1730 1082 1803 admisceri
1099 1755 1167 1826 pu-

124 1855 211 1916 tant
228 1843 334 1932 aeris,
348 1843 411 1915 sed
426 1844 543 1938 ipsam
556 1866 700 1938 aquam,
715 1843 869 1915 eandem
883 1844 1114 1930 existentem,
1128 1843 1167 1914 in

127 1958 247 2052 majus
263 1955 413 2029 extendi
437 1954 596 2051 spatium
616 1955 699 2028 loci.
751 1955 824 2028 Sed
852 1956 961 2052 ipsos
989 1955 1054 2050 qui
1079 1955 1167 2027 doo-

125 2070 266 2143 trinam
283 2069 380 2142 hanc
397 2067 442 2141 de
467 2067 708 2142 rarefaetione
734 2081 773 2141 et
790 2068 1075 2142 condensatione
1102 2068 1168 2140 do-

127 2207 213 2256 cere
247 2183 378 2277 solent,
424 2183 533 2254 unico
567 2192 714 2255 tantum
748 2193 965 2277 argumento
1001 2205 1168 2254 cessuros

128 2296 262 2369 credo:
288 2295 473 2383 nimirum,
504 2295 624 2391 siqui
650 2294 871 2391 stipendium
889 2296 1067 2384 Wallisio,
1098 2295 1170 2368 dis·

128 2421 342 2507 pensatores
377 2409 544 2481 beneficii
576 2409 760 2498 Saviliani‚
789 2410 944 2482 soluturi
974 2420 1073 2499 sunt,
1101 2433 1168 2505 pro

125 2522 257 2595 solidis
282 2533 521 2595 numerarent
545 2521 598 2594 illi
623 2522 777 2595 totidem
803 2522 1042 2612 semisolidos,
1070 2523 1169 2595 dioe-

128 2649 286 2733 rentque
309 2635 445 2709 solidos
468 2659 545 2708 esse
570 2635 718 2732 frigore,
747 2637 807 2709 cui
831 2637 984 2711 fortuito
1012 2637 1169 2734 expositi

126 2751 296 2838 fuissent,
314 2749 568 2838 condensat0S,
591 2774 664 2822 non
687 2765 778 2846 puto
802 2750 967 2823 erederet
983 2751 1169 2825 Wallisins

130 2864 168 2938 id
184 2863 267 2936 fieri
283 2861 471 2958 (quioquid
492 2862 581 2934 alias
600 2863 758 2935 seribere
777 2864 906 2956 soleat)
927 2865 1102 2960 potuisse.

181 2976 353 3049 Secunda
386 2975 551 3048 definitio
582 2989 637 3048 est
668 2976 913 3074 multiplicia;
946 2979 1072 3074 proba,
1101 3003 1170 3051 nec

126 3090 301 3163 difficilis.
336 3088 463 3161 Tertia
476 3100 532 3161 est
544 3089 705 3160 rationis
717 3116 730 3171 ,·
762 3090 849 3162 satis
866 3090 1004 3186 inepta.
1043 3091 1170 3180 Ratio,

131 3203 265 3299 inquit,
279 3212 334 3273 ert
353 3201 511 3274 duarum
528 3201 823 3298 magnitudinum
839 3203 1001 3297 ejusdem
1017 3205 1170 3302 generis

125 3326 258 3390 mutua
273 3314 441 3412 quendam
458 3313 645 3386 habitudo.

182 3429 233 3502 B.
261 3426 432 3522 Intelligo
450 3449 513 3499 eos
537 3427 600 3522 qui
623 3426 822 3522 loquuntur
850 3429 896 3502 de
925 3430 1079 3518 ratione,
1107 3429 1172 3502 sed

133 3543 180 3617 de
196 3541 411 3615 habitudine
435 3541 626 3636 loquentes
647 3565 722 3614 non
749 3542 926 3639 intelligo.
980 3542 1173 3615 Habitudo

133 3654 363 3731 obliniendo
381 3654 529 3727 dieitur.
583 3655 719 3728 Quaero
739 3656 863 3750 igitur,
885 3655 973 3752 quid
1000 3656 1174 3752 estquod

133 3771 204 3844 hoc
221 3769 303 3842 loeo
320 3766 432 3840 habet
444 3794 458 3849 ,·
484 3767 573 3863 quid
598 3767 696 3863 qnod
720 3768 901 3851 haletum
935 3780 973 3841 et
1004 3793 1050 3841 an
1080 3770 1174 3842 ratio

134 3884 280 3956 dicatur
300 3879 489 3967 habitudo,
514 3881 560 3952 ab
586 3880 754 3977 eoquod
780 3882 859 3976 ipsa
888 3880 997 3953 habet
1023 3881 1174 3977 aliquid,

132 3997 193 4069 vel
210 3995 257 4069 ab
275 4018 319 4066 eo
338 3993 439 4089 qood
455 3992 637 4076 hebetum
668 4007 706 4065 et
727 3993 905 4089 siquidem
923 3992 1069 4083 habeat,
1088 3996 1177 4091 quid

133 4111 181 4184 sit
198 4107 299 4206 quod
316 4105 449 4189 tabet,·
475 4107 531 4179 sin
549 4105 742 4191 habeatur,
761 4131 783 4178 a
801 4130 872 4201 quo
883 4106 1052 4180 liabetur.
1083 4110 1177 4183 Quae

134 4224 259 4298 onmia
272 4232 360 4295 sunt
377 4221 512 4315 inepta.

183 4336 231 4417 A.
260 4337 346 4410 Vox
364 4335 426 4408 illa
442 4334 671 4408 habitudinis
688 4334 889 4409 aformulis
906 4336 1080 4432 loquendi
1098 4349 1179 4410 orta
