2946 5010
353 411 667 465 unrnsnsrrcn
687 409 930 464 nonrnnum.
1108 394 1156 461 89

125 601 257 675 nmque
274 601 341 674 per
356 577 440 652 loca
459 579 533 653 tris
551 579 673 675 potius
697 602 808 675 quam
829 601 896 675 per
918 585 1075 674 quatuor
1096 588 1162 649 aut
1192 605 1342 649 sumnus

126 691 238 764 alium
254 713 448 763 numerum
463 691 579 781 finiat,
596 713 673 763 non
688 690 835 764 videtur
850 690 898 764 ad
915 701 1031 764 artem
1049 688 1162 762 arith·

125 803 295 877 metioam
312 803 509 899 pertinere.

174 915 224 988 Β.
249 915 443 989 sumamus
454 915 869 1012 numerumquemlibet3
884 914 1162 1001 eundem,verbi

122 1028 255 1126 goda,
277 1051 386 1126 quem
409 1028 470 1102 ille
490 1029 657 1125 sumpsit,
675 1039 710 1119 2,
726 1037 812 1118 468,
826 1038 911 1119 013,
929 1032 1016 1111 579.
1059 1029 1160 1103 Quo-

122 1142 234 1216 modo
250 1165 423 1215 nnmerns
440 1142 500 1215 hic
517 1142 638 1216 verbis
654 1142 895 1239 proferendus
913 1142 994 1215 esti

174 1256 224 1329 A.
252 1255 366 1329 Recte
387 1254 653 1354 preferendus,
681 1279 758 1328 non
787 1267 829 1329 ut
853 1254 1038 1328 Wsilisius
1060 1253 1161 1349 loqui

123 1368 229 1458 solet,
247 1368 468 1463 fferendas.

175 1479 225 1554 Β.
252 1480 461 1571 Quomodo,
503 1480 665 1577 inquam,
707 1481 948 1578 proferendus
989 1489 1045 1553 est
1084 1479 1162 1552 sine

121 1593 307 1692 periodis?

173 1711 224 1782 A.
251 1707 424 1782 Periodos
441 1706 549 1781 utiles
572 1730 651 1780 esse
668 1731 744 1782 non
762 1708 915 1805 negavi;
941 1706 1006 1780 sed
1024 1729 1161 1803 quaero,

123 1844 191 1895 cur
206 1820 297 1894 locis
313 1819 427 1894 ternis
446 1818 698 1893 definiuntur?

176 1933 225 2008 B.
252 1933 291 2008 Si
334 1944 506 2006 notarum
545 1932 709 2006 valorem
749 1932 870 2005 verbis
904 1929 1163 2020 enuntiaveris,

122 2046 266 2121 videbis
283 2047 373 2144 ipse.

174 2160 223 2234 A.
251 2160 469 2257 Significant
485 2170 584 2232 notae
600 2159 673 2232 illae
691 2160 763 2233 duo
780 2156 898 2231 millia
916 2156 1069 2230 millium
1086 2154 1164 2228 mil·

123 2273 224 2364 liam,
243 2273 522 2372 quadringenta
538 2273 743 2370 sexaginta
759 2282 841 2346 octo
865 2270 982 2344 millia
999 2268 1165 2359 millium,

125 2387 301 2462 tredecim
317 2386 437 2460 millia
452 2396 489 2458 et
506 2385 709 2484 quingenta
727 2385 972 2485 septuaginta
988 2408 1123 2457 nauem

176 2501 226 2574 Β.
254 2501 387 2574 Nonne
403 2500 506 2573 vides
524 2501 637 2573 verba
652 2512 718 2573 tus
734 2499 960 2594 distinguere
977 2509 1026 2586 te,
1040 2520 1167 2592 qnem-

123 2613 323 2688 admodum
341 2614 428 2710 ipsae
446 2624 545 2686 notae
562 2636 628 2709 per
644 2613 727 2687 locs
743 2623 850 2686 terna
867 2609 1164 2708 distinguuntur?

174 2724 222 2800 A.
249 2726 320 2816 lta,
343 2725 407 2799 sed
433 2724 576 2800 Latine.
624 2726 820 2822 Distingue
846 2727 924 2821 jam
951 2736 993 2798 tu
1020 2724 1166 2798 easdem

124 2852 234 2915 notas
250 2863 317 2937 per
335 2839 483 2913 nomina
500 2838 715 2927 numeralia,
734 2837 899 2933 dputes,
916 2836 1060 2910 Graeoe.

177 2952 228 3027 Β.
254 2952 418 3026 Possum.
475 2963 558 3023 εἴκοσι
569 2966 617 3022 rui
629 2968 756 3040 τέσσαρες
766 2962 894 3041 μυριάδες
904 2961 1052 3042 μυριάδων,
1062 2959 1167 3031 {Eamu-

124 3079 207 3156 χὶλια
222 3078 376 3136 ὀκτακόσιαι
390 3067 433 3136 καὶ
452 3076 506 3149 μία
526 3075 663 3154 μυριάδες,
678 3079 835 3157 τρισχίλια,
851 3080 1028 3145 πεντακόσια,
1051 3073 1167 3154 ἑβδομη-

124 3199 207 3253 carrd
220 3193 309 3253 ἶυυεα.

176 3298 223 3375 A.
250 3297 325 3375 Sed
350 3301 408 3374 hae
430 3325 538 3375 voces
570 3301 800 3399 distinguunt
828 3314 935 3376 notas
961 3303 1166 3377 numerales

125 3437 202 3488 non
219 3437 286 3511 per
308 3413 392 3487 loca
416 3425 534 3504 terna,
552 3415 617 3488 sed
638 3439 705 3512 per
727 3428 918 3513 quaterna,
935 3416 1006 3489 hoe
1032 3416 1166 3489 modo:

126 3535 189 3617 24,
205 3534 319 3615 6801,
339 3531 448 3609 3579.
501 3524 603 3600 Nihil
626 3528 740 3624 igitur
764 3528 812 3601 sd
835 3529 1025 3602 scientiam
1052 3529 1167 3601 arith-

126 3640 400 3735 metiesm,quae
410 3638 1168 3736 universaliteromnibusgentibnsesdem

126 3764 197 3842 est,
232 3751 373 3825 sedan
402 3751 563 3826 diversas
591 3754 759 3849 gentium
790 3754 965 3826 dialectos
994 3753 1168 3850 pertinet.

126 3864 284 3955 Deinde,
301 3889 386 3938 cum
404 3864 565 3958 dixisset,
590 3866 741 3965 cyphroe
772 3892 849 3962 qua
874 3865 963 3938 loeis
985 3867 1169 3964 supremis

119 3987 315 4077 ponuntur
339 3976 433 4051 nulli
455 4003 615 4076 prorsus
641 3987 727 4051 sunt
754 3979 849 4069 usui,
875 3977 1012 4051 nultius
1037 3977 1172 4052 saltem

126 4090 378 4181 necessitatis,
388 4091 460 4164 sed
470 4092 680 4165 redundant
685 4092 818 4191 patius
822 4120 837 4176 ;
855 4092 1067 4165 tantundem
1077 4093 1172 4166 euim

126 4203 348 4303 signficant
375 4212 486 4293 0001,
516 4212 601 4294 001,
627 4213 690 4293 01,
717 4217 756 4277 et
787 4214 829 4279 l:
865 4206 1054 4301 subjungit
1082 4207 1171 4279 ridi-

129 4316 222 4405 auie,
231 4316 331 4413 fieri
348 4316 491 4412 quidem
508 4341 757 4415 nonnunquam
767 4327 899 4416 potest
915 4327 957 4391 ut
972 4317 1172 4417 elegantia

1253 687 1299 728 111.

1199 757 1342 791 »νυ
