2946 5010
457 393 738 449 Pronuntiare
756 394 949 450 onustos.
1149 385 1220 450 335

233 562 280 636 A.
307 562 375 636 Per
402 562 577 637 clastrum
610 562 775 658 intelligo
803 562 963 659 partium
994 562 1221 636 intemarum

185 688 357 750 conatum
374 675 592 749 restituendi
610 699 648 748 se
665 675 714 748 ad
731 675 854 762 situm,
871 699 894 749 a
911 699 985 771 quo
1002 699 1069 772 per
1085 677 1222 752 tensio-

183 812 268 862 nem
285 789 453 863 abductae
469 787 628 863 fuerant.

234 903 283 974 B.
311 902 472 975 Conatus
500 901 591 998 quid
616 901 665 974 sit
694 926 770 975 non
800 899 883 998 plus
909 901 1086 998 intelligo,
1113 925 1223 1000 quarn

184 1014 273 1111 quid
290 1015 337 1087 sit
349 1013 535 1087 clastrum.

235 1128 285 1200 A.
313 1127 381 1199 Per
405 1139 581 1200 conatum
603 1126 768 1222 intelligo
791 1127 1014 1223 principium
1040 1137 1161 1202 motus
1184 1128 1224 1202 in

184 1242 320 1316 lamina
336 1241 495 1314 tensioni
512 1241 747 1314 contrarium.

234 1355 284 1428 B.
311 1354 386 1427 Sed
413 1354 634 1451 principium
661 1364 782 1427 motus
809 1354 1043 1450 quantumvis
1071 1353 1224 1428 insensi-

184 1469 269 1557 bile,
288 1479 412 1540 tamen
430 1479 551 1541 motus
568 1480 633 1540 est.
686 1466 765 1539 Scis
783 1477 906 1539 autem
920 1465 1012 1539 nihil
1028 1489 1108 1540 esse
1125 1467 1225 1564 quod

185 1581 407 1677 principium
424 1593 545 1654 motus
556 1581 626 1653 sibi
643 1580 712 1676 ipsi
729 1579 817 1652 dare
831 1590 964 1676 potest.
1017 1579 1117 1654 Quid
1135 1604 1224 1678 ergo

185 1693 331 1766 laminae
348 1706 462 1767 tensae
475 1706 514 1766 et
531 1693 734 1789 quiescenti
748 1706 921 1767 conatum
934 1693 1035 1767 dedit
1051 1693 1100 1767 ad
1113 1693 1224 1767 situm

186 1807 345 1904 priorem
362 1806 594 1880 revertendi?

236 1918 283 1993 A.
309 1920 375 1994 1111
393 1920 496 1994 dedit
512 1920 576 2017 qui
592 1921 708 2015 ipsam
724 1919 893 1994 tetendit.

236 2034 285 2105 B.
315 2033 411 2106 Fieri
435 2058 511 2107 non
531 2042 666 2130 potest.
718 2033 784 2106 llle
811 2034 909 2122 enirn
932 2044 1105 2107 conatum
1121 2058 1227 2132 pror·

187 2169 268 2218 sum
285 2145 408 2219 dedit:
436 2146 500 2220 sed
517 2159 671 2220 conatus
689 2145 749 2219 hic
771 2157 829 2220 est
847 2156 1059 2219 retrorsum.

236 2258 284 2331 A.
312 2259 547 2333 Concedatur
570 2269 743 2332 conatum
761 2282 839 2331 esse
857 2268 1010 2347 motum,
1030 2271 1069 2331 et
1084 2269 1226 2333 motum

186 2371 289 2443 illum
307 2396 384 2445 esse
401 2373 440 2446 in
457 2372 621 2468 partibus
638 2370 792 2478 internis
814 2370 961 2444 laminae
985 2395 1128 2467 semper
1151 2373 1226 2447 sive

186 2494 301 2557 tensae
318 2485 394 2559 sive
412 2509 485 2558 uon
503 2496 639 2558 tensae:
668 2508 741 2580 quo
757 2494 866 2579 pacto
884 2483 970 2557 inde
987 2483 1111 2573 infers,
1127 2486 1227 2581 quod

186 2600 431 2672 necessarium
445 2601 504 2687 sit,
519 2599 737 2695 simulatque
752 2622 775 2670 a
788 2597 825 2670 vi
842 2597 1020 2670 tensionis
1037 2597 1226 2689 liberatur,

185 2723 228 2786 111
245 2737 288 2786 ea
301 2713 349 2786 ad
366 2713 476 2786 situm
494 2713 689 2809 pristinum
706 2710 947 2786 restituatur?

238 2826 287 2898 B.
316 2828 399 2900 Hoc
434 2839 554 2923 pacto.
616 2827 709 2898 Cum
739 2826 787 2898 sit
816 2825 854 2898 in
883 2823 1050 2922 partibus
1080 2823 1226 2897 lamiuae

186 2953 308 3014 motus
337 2941 480 3038 qualem
509 2940 597 3028 dixi,
623 2939 814 3013 invisibilis
835 2937 982 3035 quidem
1010 2936 1075 3010 sed
1102 2948 1227 3010 tamen

185 3055 444 3143 velocissimus,
463 3054 573 3126 etiarn
591 3064 675 3126 ante
693 3053 911 3137 tensionem,
929 3063 1051 3123 motus
1074 3049 1135 3122 ille
1163 3049 1226 3145 qui

186 3181 271 3240 ante
282 3168 487 3240 tensionem
497 3167 608 3238 fiebat
621 3164 823 3238 secundum
834 3163 1102 3259 longitudinem
1116 3186 1226 3257 quam

187 3281 315 3353 habuit
341 3281 388 3352 ab
420 3279 554 3352 ictibus
578 3279 792 3351 malleorum
817 3277 969 3372 chalybe
992 3274 1111 3348 adhuc
1139 3297 1226 3346 can-

188 3392 308 3481 dente,
333 3403 476 3465 tensam
506 3414 604 3463 nunc
632 3388 679 3462 ad
712 3388 870 3462 eundem
903 3389 1014 3461 situm
1049 3386 1225 3459 continuo

187 3517 307 3601 urget.
350 3505 479 3601 ltaque
498 3503 621 3575 ablato
638 3502 915 3599 impedimento,
933 3501 981 3574 ad
998 3501 1108 3573 situm
1125 3499 1225 3595 prio-

186 3643 264 3690 rem
281 3618 455 3690 laminam
472 3615 651 3689 restituet.

1280 594 1348 634 CAP·
1358 593 1387 634 V·

1261 661 1405 688 x-w--J

1287 722 1322 765 Do
1331 721 1388 765 duro

1286 792 1309 831 et
1318 785 1385 834 molli.

238 3732 286 3804 Α.
316 3731 389 3804 Sed
418 3741 615 3826 antequam
647 3737 877 3801 removeatur
910 3726 1223 3822 impedimentum,
1328 3768 1330 3773 -

188 3856 339 3917 conatus
367 3843 428 3916 ille
456 3842 644 3915 nullumne
671 3843 843 3915 effectum
868 3837 1075 3935 producet?
1127 3837 1224 3909 Nam

188 3970 340 4030 conatus
368 3957 428 4029 ille
453 3967 573 4028 motus
597 3965 676 4040 est;
703 3968 741 4028 et
767 3965 888 4027 motus
911 3952 1029 4026 omnis
1053 3951 1224 4024 effectum

187 4072 345 4166 aliquem
362 4071 497 4143 habere
515 4069 635 4142 debet.

240 4187 288 4258 B.
306 4185 438 4273 Etiam,
445 4184 614 4257 effectum
625 4182 783 4279 aliquem
793 4181 960 4264 habebit3
971 4203 1103 4275 nempe
1113 4179 1225 4264 hunc,

188 4310 229 4373 ut
246 4311 410 4397 tempore
426 4301 503 4388 fiat,
521 4298 632 4393 longo
651 4297 800 4391 inquam
817 4307 994 4391 ternpore,
1012 4304 1055 4367 ut
1071 4302 1225 4367 conatus
