2946 5010
420 434 735 488 nnnnnunmon
755 434 998 487 nomunnn.
1158 411 1227 493 187

188 620 336 671 numero
355 599 605 689 terminorum,
623 622 799 672 excessus
826 598 889 672 ille
915 620 1032 696 supra
1048 597 1230 671 rationem
1261 621 1412 666 sueonos

188 711 505 809 subquadrupiam
531 713 588 785 ita
615 713 782 786 continuo
806 713 1005 803 minuatur,
1022 721 1063 785 ut
1082 711 1231 785 tandem
1269 703 1413 808 ss

189 824 348 920 quotibet
364 824 590 922 assignabiti
617 826 735 898 minor
756 825 906 914 eoadnt,
925 826 989 916 (nt
1008 827 1144 922 potet)
1156 850 1170 908 ,·
1196 822 1232 896 si

189 940 227 1010 in
256 939 434 1032 infinitum
454 939 697 1037 procedatur,
717 963 883 1036 prorsus
915 938 1128 1012 evanituras
1161 945 1232 1011 ost.

188 1051 365 1148 Adeoque
400 1053 499 1149 (quae
528 1064 585 1126 est
608 1052 812 1149 propositio
830 1050 897 1145 xli)
933 1051 969 1124 si
991 1059 1234 1148 proponatur

189 1165 306 1237 series
337 1165 484 1259 infinito
512 1166 762 1262 quantitatum
791 1164 830 1237 in
856 1161 1056 1263 triplicata
1085 1163 1235 1236 ratione

190 1278 421 1350 arithmetice
447 1277 798 1376 proportionalium,
832 1277 910 1350 siae
941 1278 1058 1373 juxta
1098 1275 1233 1350 seriem

189 1414 421 1464 numerorum
459 1389 661 1464 unionum
704 1391 873 1464 continue
916 1391 1168 1480 oresoentium,
1207 1413 1233 1462 a

183 1515 324 1599 puncto
340 1529 406 1577 seu
423 1514 447 1578 0
465 1504 746 1587 inchoatarum
770 1504 844 1576 erit
861 1503 926 1576 itte
948 1503 1003 1577 ad
1025 1503 1160 1577 seriem
1177 1511 1233 1577 to-

192 1616 305 1689 tidem
335 1618 505 1690 manime
531 1616 739 1714 equalium,
765 1627 806 1689 ut
828 1626 842 1691 l
866 1615 921 1690 od
934 1627 980 1690 4:
1007 1616 1140 1691 falsum
1162 1628 1230 1692 est.

192 1742 260 1812 Est
284 1743 382 1815 enim
400 1743 439 1815 in
456 1743 575 1838 prime
598 1726 784 1841 seriei-H,
812 1767 955 1816 summa
978 1742 1234 1831 crescentium,

192 1861 310 1954 major
339 1883 449 1953 quam
482 1861 756 1958 subquadrupla
789 1861 945 1934 totidem
978 1861 1233 1949 maximarum,

193 1983 298 2044 tanto
326 1984 464 2069 quanta
493 1986 548 2047 est
578 1975 737 2048 semissis
763 1974 927 2049 unitatis.
981 1975 1025 2048 In
1053 1973 1146 2048 serie
1176 1997 1235 2048 se·

194 2084 326 2174 cunda,
339 2109 481 2160 summa
497 2087 740 2161 crescentium
757 2100 904 2184 superat
922 2086 1234 2184 subquadruplom

194 2198 434 2272 maximarum
462 2201 579 2274 tribus
609 2201 823 2275 unitatibus.
875 2202 919 2275 In
950 2203 1072 2291 tertio,
1104 2223 1237 2274 novem

195 2312 414 2397 unitatibus3
429 2324 499 2386 eto.
527 2314 726 2411 Quousque
738 2313 1012 2411 procedendum
1025 2336 1103 2387 esse
1117 2325 1237 2411 putus,

195 2436 237 2497 ut
254 2448 395 2497 summa
412 2427 654 2500 crescentium
669 2426 717 2500 sit
730 2427 880 2501 tandem
896 2427 1139 2501 maximarum
1156 2426 1241 2500 sub·

197 2538 428 2634 quadruplo?

247 2650 295 2722 B.
325 2651 475 2725 Quanto
505 2652 588 2748 plus
617 2654 830 2750 proceditur
854 2665 959 2729 tanto
984 2655 1099 2752 pejus.
1151 2653 1241 2729 Pro·

195 2766 329 2861 positio
346 2778 403 2838 est
419 2765 522 2840 falsa.

246 2876 292 2949 A.
320 2878 463 2952 Deinde
490 2881 739 2976 propositione
756 2881 857 2954 xliii:
885 2881 996 2971 Pori,
1016 2880 1149 2978 inquit,
1167 2900 1239 2952 me·

198 2991 308 3063 thado
337 2992 541 3065 inuenietur
558 2994 658 3066 ratio
687 2994 804 3066 seriei
827 2995 979 3088 irpinitn
996 2994 1241 3089 quantitatum

198 3102 398 3175 iuratione
427 3104 729 3203 quadruplicato.
753 3104 1040 3204 quintuptioato,
1057 3104 1241 3201 septupli·

199 3224 297 3303 ooto,
320 3226 404 3304 eto,
422 3216 657 3290 arithmetice
678 3216 1031 3315 proportionalium,
1054 3241 1079 3288 a
1101 3226 1242 3314 puncto

199 3350 265 3396 seu
295 3335 319 3400 0
350 3327 617 3417 inchoatarum,
646 3329 701 3401 ad
727 3329 863 3402 seriem
890 3327 1040 3401 totidem
1071 3327 1242 3400 ninnium

202 3439 394 3534 equalium
405 3468 419 3524 ;
445 3465 574 3539 nempe
591 3443 628 3513 in
646 3441 934 3538 quadruplicato
956 3450 969 3514 l
993 3441 1048 3514 ad
1063 3450 1097 3530 5,
1110 3449 1181 3513 eto.

253 3552 302 3623 B.
329 3552 473 3626 Falsum
491 3566 569 3636 est;
596 3576 643 3625 ne
660 3554 856 3626 examines,

254 3666 301 3737 Α.
331 3666 409 3739 [mo
427 3689 526 3753 vero,
544 3665 632 3762 quid
650 3667 807 3738 afferant
823 3667 908 3740 novi
926 3691 1008 3763 quae
1026 3675 1241 3762 sequuntur,

201 3778 355 3851 ulterius
385 3803 431 3851 ne
462 3802 694 3875 quaeramns3
721 3803 805 3851 cnm
839 3780 885 3852 ab
919 3780 977 3853 his
1011 3779 1243 3876 dependeant

201 3905 336 3964 caetera
352 3891 487 3965 omnin.

251 4006 301 4077 B.
331 4003 388 4077 Ne
431 4005 625 4102 imaginari
667 4004 818 4103 quidem
851 4028 999 4101 possum
1035 4005 1243 4101 quicquam,

204 4119 304 4212 quod
321 4130 386 4190 aut
402 4119 587 4191 Wallisius
605 4131 669 4192 aut
686 4143 814 4192 eorum
827 4118 923 4191 ullus
954 4119 1019 4213 qui
1036 4118 1149 4192 libros
1165 4118 1245 4214 ejus

204 4232 320 4303 literis
337 4231 385 4303 ad
415 4232 535 4327 ipsum
553 4233 699 4328 scriptis
723 4230 977 4321 laudaverunt,
1004 4242 1136 4306 contro
1163 4231 1244 4305 haec

204 4358 280 4416 tam
294 4345 485 4440 perspicue
503 4343 753 4419 demonstrata
769 4347 899 4419 afferre
917 4358 1082 4443 possunt.
