2946 5010
358 395 673 448 nnuunnnmom
694 397 937 450 uomnnum.
1117 384 1164 448 45

176 563 227 638 Β.
252 562 455 637 Considera
479 563 698 638 fractionem
722 566 829 657 huno,
851 565 907 649 ΛΓ.
960 563 1062 640 Quid
1091 563 1165 660 sig·
1205 590 1353 633 nnmous

122 675 279 751 nificat?
1205 672 1348 778 „L

175 789 226 864 A.
254 789 425 864 Quotuor
442 790 612 864 unitates.

176 902 226 976 Β.
254 903 407 978 Quare?

175 1015 226 1090 A.
253 1015 353 1091 Quia
384 1025 621 1112 quotcunque
651 1027 776 1112 portes
810 1017 945 1112 integri
975 1015 1167 1090 fractionis

121 1128 383 1207 denomiuutor
398 1129 522 1203 unitas
539 1127 764 1218 denominat,
781 1153 907 1203 eurum
920 1130 1081 1226 partium
1097 1153 1167 1203 nu-

122 1253 286 1317 merator
309 1251 482 1316 numerat
506 1250 674 1338 quotuor.
725 1242 800 1316 Sed
826 1267 933 1316 unum
953 1242 1168 1316 denominat

122 1356 245 1453 ipsum
270 1356 457 1453 integrum
480 1354 701 1442 indivisum
727 1366 814 1430 sunt
835 1380 924 1454 ergo
952 1355 1166 1453 ÷quatuor

122 1469 297 1544 unitates.

175 1580 228 1656 Β.
253 1581 385 1678 Itnque
394 1581 465 1655 hoc
475 1580 583 1666 dicit;
601 1581 694 1673 illos,
708 1582 772 1678 qui
782 1581 962 1656 unitatem
972 1604 1167 1654 numerum

121 1717 204 1770 eene
228 1703 380 1791 negant,
405 1705 496 1767 tunc
521 1693 751 1769 solummodo
780 1694 821 1769 id
844 1718 993 1791 negare,
1020 1693 1167 1791 quando

122 1807 247 1882 unitus
265 1807 314 1881 sit
330 1805 587 1880 denominator
602 1807 795 1882 fractionis
812 1808 910 1881 utin
926 1806 967 1891 -ἶ-
983 1809 1042 1881 vei
1055 1805 1117 1890 -ῗ-.

175 1919 225 1994 Α.
251 1919 354 1994 Dicit
366 1942 455 2015 orgo
468 1919 667 2010 Wallisius,
682 1921 767 1994 dum
780 1929 941 2018 quantor
955 1920 1168 1993 tantundem

122 2031 249 2106 vatent
273 2057 320 2106 ac
340 2041 500 2130 quatuor
525 2032 699 2122 unitates,
724 2056 794 2106 ooo
820 2032 893 2106 itta
919 2032 1080 2106 unitates
1099 2057 1168 2106 nec

122 2169 295 2219 monem
311 2155 380 2239 eet,
393 2170 460 2220 neo
472 2168 572 2244 puro
585 2144 738 2235 numeri,
751 2146 822 2219 sed
834 2145 895 2219 ool
905 2144 1045 2218 numeri
1057 2144 1168 2217 deno-

123 2258 280 2333 minatio
296 2282 362 2333 eeu
379 2257 647 2349 denominatur,
663 2257 722 2332 vel
738 2259 860 2357 ipsum
875 2266 1113 2333 numeratum.

175 2371 227 2445 Β.
254 2370 325 2446 His
350 2395 440 2469 ergo
464 2371 589 2444 verbis
615 2371 717 2445 vides
737 2384 780 2447 ut
796 2371 886 2470 ipse,
913 2395 995 2468 quae
1011 2371 1169 2446 obscura

123 2497 212 2560 aute
229 2494 348 2575 erunt,
365 2484 465 2559 olore
481 2484 677 2581 eloquutus
694 2498 761 2561 est.

166 2599 218 2673 Α.
245 2598 306 2672 Itu
316 2598 589 2687 eluro,utscius
602 2598 692 2695 quid
705 2599 777 2673 illis
790 2599 1007 2695 contingere
1020 2621 1169 2672 necesse

123 2711 185 2802 nit,
220 2711 353 2808 quibus
380 2723 468 2785 ante
495 2721 697 2785 noscuntur
722 2711 926 2809 opiniones,
958 2722 1044 2808 post
1069 2735 1168 2806 quae-

124 2835 258 2900 mutur
282 2836 503 2922 argumento
527 2825 659 2922 quibus
683 2836 840 2922 possunt
865 2823 1036 2910 defendi3
1061 2824 1170 2898 nimi-

124 2961 221 3028 rum,
246 2936 557 3035 quemadmodum
588 2938 632 3011 iis
662 2937 810 3027 accidit,
841 2937 905 3033 qui
938 2937 977 3011 in
1007 2937 1171 3012 tenebris

124 3051 313 3140 oberrant,
338 3060 382 3124 ut
407 3072 626 3147 quacunque
651 3060 869 3126 moveantur
896 3048 1105 3147 impingunt
1130 3051 1170 3125 iu

125 3163 248 3261 eliqua
262 3163 496 3239 offendiculo.
547 3163 645 3238 Nom
658 3175 701 3239 ut
712 3165 888 3239 unitatem
900 3164 1080 3239 sustineat
1092 3188 1171 3239 esso

125 3300 333 3366 numerum,
359 3277 535 3367 unitates,
561 3277 601 3352 id
626 3291 684 3352 est
708 3277 843 3375 plume,
869 3301 1064 3352 numerum
1091 3302 1170 3352 esse

125 3402 260 3488 negut3
284 3413 355 3464 neo
372 3400 544 3487 quotuor,
572 3404 638 3466 aut
654 3403 743 3483 tres,
763 3401 829 3466 aut
846 3392 992 3488 quotvis
1008 3391 1169 3466 unitates

125 3527 321 3579 numerum
337 3527 417 3579 eene
433 3505 587 3601 potitur.

177 3618 227 3692 Β.
254 3618 341 3693 Νοιι
363 3629 477 3714 negat
499 3631 658 3715 quotuor
680 3619 844 3693 unitates
866 3643 945 3693 esse
961 3640 1168 3707 numerum,

125 3731 193 3807 ned
208 3756 331 3805 vocem
348 3729 452 3804 idom
468 3731 634 3806 unitates
651 3755 844 3806 numerum
861 3757 940 3807 esse
956 3742 1080 3828 negat.

177 3844 227 3919 Α.
256 3845 351 3921 Quis
367 3844 486 3919 nescit
502 3869 631 3921 vocem
648 3845 748 3920 illum
765 3847 941 3935 unitates,
959 3855 1035 3929 aut,
1052 3844 1083 3917 si
1103 3843 1171 3930 vis,

125 3981 256 4032 vocem
272 3957 374 4032 illum
390 3982 590 4051 numerum,
607 3983 681 4033 non
706 3982 785 4032 esse
809 3958 1029 4032 numerum?
1072 3958 1171 4031 Num

126 4093 302 4146 numerus
318 4082 376 4145 eet
402 4072 585 4147 unitatum
610 4072 821 4162 multitudo,
847 4096 925 4145 vox
948 4082 1072 4146 autem
1094 4095 1171 4145 nou

127 4195 191 4259 eet.
247 4183 438 4260 Quaeritur
454 4186 528 4276 hio,
546 4211 594 4260 an
615 4186 655 4259 in
679 4186 861 4260 flectione
887 4187 955 4260 hac
972 4193 1012 4278 -ζ-
1031 4184 1170 4282 signifi-

127 4310 236 4374 eante
265 4310 426 4394 quotuor
452 4298 627 4388 unitates,
658 4310 816 4396 quatuor
842 4299 891 4374 sit
917 4322 1101 4388 numerus,
1129 4308 1171 4370 ut
