2946 5010
346 402 660 456 urruuusrrcm
681 401 924 454 nooruuum.
1118 385 1161 451 51

175 568 225 642 B.
252 569 382 665 AEque.

174 679 223 754 A.
248 683 298 755 Et
329 706 505 757 numerus
546 683 804 780 quadrantum,
837 702 960 754 noune
993 698 1167 751 numerus
1204 751 1347 785 »w

122 795 274 892 proprie
291 794 437 869 dictus?

176 907 227 981 B.
253 907 388 982 Etiam.

177 1020 227 1095 Α.
252 1021 302 1094 Et
318 1021 344 1117 {-
360 1022 435 1095 sive
459 1019 631 1111 dodrans,
649 1043 771 1093 noune
793 1031 850 1093 est
875 1042 1048 1094 numerus
1076 1045 1166 1118 qua-

123 1132 300 1206 drantum
314 1133 328 1207 ?

176 1245 228 1433 ξ.
253 1247 428 1455 ῗιῗὲἑηφιθ
445 1382 620 1432 numerus
636 1358 801 1432 fractus?

178 1468 229 1542 B.
254 1470 395 1544 Vicisti.
445 1471 544 1544 Nam
578 1493 651 1566 qua
684 1470 827 1543 ratione
861 1468 1000 1543 diceret
1033 1471 1165 1569 aliquis

124 1606 319 1656 numerum
336 1584 561 1681 integrorum
575 1583 691 1680 magis
708 1583 855 1679 proprie
872 1607 1065 1659 numerum
1078 1586 1164 1678 dici,

124 1718 238 1790 quam
254 1697 426 1793 partium,
444 1696 572 1770 eadem
589 1697 731 1771 ratione
749 1696 887 1794 poterit
905 1697 1026 1774 dicere
1038 1724 1166 1774 nume-

124 1831 210 1880 rum
226 1808 338 1882 boum
355 1810 472 1907 magis
488 1810 635 1907 proprie
653 1810 738 1899 dici,
753 1833 863 1906 quam
880 1811 1015 1884 ovium.
1067 1814 1166 1888 Hac·

126 1933 236 1995 tenus
257 1946 346 2019 ergo
369 1947 444 1996 non
462 1922 571 1997 modo
588 1947 664 1997 uon
681 1934 796 2011 ἀκριβῆ,
814 1920 879 1994 sed
906 1923 1016 1996 etiam
1039 1925 1165 2020 inepta

126 2047 227 2124 sunt,
244 2058 327 2131 quae
343 2033 497 2131 legimus
511 2066 521 2121 3
555 2035 820 2130 authoremque
842 2044 955 2107 tantae
972 2035 1165 2108 subtilitati

125 2147 302 2243 imparem
325 2171 403 2221 esse
426 2148 604 2222 indicant.
656 2147 784 2243 Capite
802 2147 943 2242 quinto,
960 2148 1024 2220 ubi
1041 2160 1166 2221 osten-

125 2260 215 2334 dere
226 2261 420 2357 pollicetur
429 2261 739 2360 procreationem,
753 2284 861 2356 quam
875 2261 1036 2357 appellat
1051 2261 1164 2334 etiam

123 2373 420 2473 ονίςίηαίίοπεηι,
443 2398 691 2459 numerorum,
722 2384 998 2470 expectaveram
1025 2373 1165 2471 aliquid

124 2488 223 2577 nori,
240 2498 283 2561 ut
309 2489 390 2584 quis
412 2489 552 2584 primus
578 2511 760 2577 numeros,
777 2488 836 2560 vel
862 2488 991 2561 saltem
1015 2488 1165 2562 nomina

124 2601 340 2691 numeralia,
350 2601 489 2698 primus
502 2601 655 2675 invenit.
707 2601 781 2674 Sed
797 2600 843 2674 de
860 2601 930 2675 hoc
948 2626 994 2675 ne
1011 2602 1164 2675 verbum

124 2713 275 2810 quidem
291 2714 413 2788 habet.

175 2826 226 2902 A.
252 2826 297 2900 Si
322 2827 444 2926 igitur
468 2824 531 2899 ubi
551 2827 663 2926 prius
690 2825 796 2899 nulla
825 2835 922 2913 erat,
952 2835 1163 2923 apportatur

124 2940 261 3031 unitas,
278 2939 331 3011 rit
358 2962 527 3012 mamertus
549 2937 784 3036 singalarir;
809 2940 845 3011 ri
861 2939 984 3013 adhuc
1000 2938 1166 3012 addatur

125 3053 251 3127 enitar
279 3051 372 3141 atio,
401 3052 560 3150 emergit
586 3075 756 3124 nummus
781 3050 977 3135 binariam
1011 3051 1165 3124 accedat

125 3165 217 3255 atta,
236 3174 274 3239 et
290 3165 464 3264 exsurgit
481 3163 680 3238 terrarius.
730 3164 874 3263 Estque
889 3164 969 3238 dccc
985 3188 1076 3237 vera
1100 3189 1166 3237 mr-

125 3302 306 3352 merorum
339 3277 544 3376 originatio
576 3301 643 3350 seo
668 3276 1165 3374 procreatio-Eleganter

125 3390 229 3479 illud,
245 3389 307 3464 uti
318 3390 428 3488 priua
444 3389 540 3463 nittt
554 3399 652 3481 erat,
667 3400 894 3488 apponatur.
933 3392 982 3463 Et
998 3413 1044 3466 ex
1061 3387 1166 3461 addi-

125 3505 226 3579 tione
241 3505 425 3578 unitatum
440 3503 520 3575 fieri
537 3527 742 3590 numerum,
759 3505 824 3578 sed
847 3528 916 3578 nec
938 3503 1060 3576 minus
1084 3500 1165 3573 fieri

125 3641 192 3715 per
207 3619 432 3693 ablationem
455 3617 615 3713 partium
641 3617 837 3714 aequalium
854 3619 900 3691 ab
917 3641 991 3691 uno
1010 3615 1107 3700 dato,
1125 3612 1165 3686 id

126 3742 191 3812 est,
206 3756 274 3830 per
290 3731 517 3818 divisionem,
534 3730 639 3827 pueri
657 3731 800 3816 sciunt;
827 3754 941 3827 quare
958 3740 1081 3802 autem
1098 3749 1165 3822 per

125 3849 352 3924 additionem
376 3847 500 3944 potius
528 3872 637 3945 quam
660 3870 726 3943 per
749 3848 983 3934 ablationem,
1004 3845 1109 3940 pueri
1127 3855 1165 3916 et

124 3962 310 4037 Wallisius
332 3964 438 4059 juxta
463 3961 641 4035 nesciunt.
694 3961 843 4034 Poterat
865 3983 953 4056 ergo
981 3957 1164 4032 subtilitas

124 4075 215 4164 haec,
233 4076 314 4150 sine
337 4074 413 4146 ulla
437 4073 715 4147 existimationis
742 4097 818 4145 suae
851 4084 915 4145 aut
949 4070 1163 4144 eruditionis

123 4202 259 4263 nostrae
283 4189 442 4284 jactura,
464 4186 708 4282 praetermitti,
728 4184 1034 4282 quemadmodum
1058 4198 1097 4258 ct
1125 4184 1164 4257 id

122 4303 222 4399 quod
246 4300 416 4402 proxime
444 4300 620 4397 sequitur,
646 4300 818 4374 nimirum
847 4300 929 4392 hoc,
956 4309 1013 4373 est
1044 4299 1164 4398 igitur

989 4434 1046 4484 ur

1200 599 1350 642 Drstootts

1267 681 1288 722 1.
