2946 5010
449 440 503 491 ou
523 439 694 493 narnus
713 437 849 491 aunrs.
1095 419 1164 498 271

124 604 342 678 tantundem
370 604 461 679 facit
486 604 548 678 bn
574 615 612 679 et
637 605 697 677 cA
725 626 959 699 convergere‚
991 613 1169 699 quantum

122 717 267 814 pondus
284 718 323 790 iu
341 717 388 790 bc
405 718 496 791 facit
517 717 665 791 easdem
689 717 891 813 divergere.
945 715 1030 788 Non
1044 729 1170 813 potest

124 853 213 926 ergo
230 855 316 927 pars
335 830 381 903 bc
403 831 569 927 (propter
596 829 904 926 magnitudinem)
933 830 1169 925 quantumvis

122 943 246 1039 gravis
271 944 332 1033 sit,
359 943 604 1028 descendere;
631 967 751 1040 neque
781 967 870 1039 ergo
900 966 1068 1039 premere
1093 942 1169 1018 sive

121 1057 319 1152 gravitate.
371 1055 483 1130 Quod
500 1068 579 1130 erat
596 1056 933 1129 demonstrandum.

174 1169 223 1242 B.
252 1167 363 1243 Quod
380 1169 498 1242 solum
517 1169 554 1242 in
572 1168 773 1242 Academia
788 1180 917 1242 nostra
933 1167 982 1241 ad
1006 1168 1169 1265 philoso-

122 1282 249 1378 phiam
284 1280 454 1354 didicisse
487 1305 547 1353 me
581 1280 860 1369 somniaverim,
891 1281 962 1354 hoc
1002 1291 1045 1353 tu
1077 1281 1171 1355 mihi

122 1404 255 1482 totum,
274 1394 589 1467 demonstratione
607 1404 673 1466 tua
695 1392 967 1490 expergefacto,
985 1391 1168 1470 ademisti.

174 1506 224 1579 Α.
252 1505 418 1603 Utraque
442 1507 540 1580 enim
563 1507 625 1580 illa
652 1506 846 1602 phantasia
871 1517 951 1580 tum
978 1507 1170 1602 gravitatis

123 1621 392 1717 atmosphaerae,
407 1631 487 1693 tum
505 1621 561 1694 vis
579 1620 740 1693 clasticae
761 1621 837 1693 sive
855 1618 1049 1716 antitupiae
1062 1620 1169 1711 aeris,

124 1735 305 1806 somnium
324 1744 414 1806 erat.
467 1733 655 1829 Siquidem
673 1744 797 1807 autem
815 1733 887 1806 illis
904 1732 1170 1808 concederetur

124 1869 202 1919 esse
220 1847 377 1943 aliquam
397 1847 434 1919 in
453 1846 597 1919 filiculis
611 1847 706 1919 aeris
724 1845 955 1942 autitupiam,
969 1859 1169 1942 quaereret-

124 1984 195 2055 que
206 1960 338 2057 aliquis
349 1959 447 2033 unde
459 1960 691 2050 illa,curvata
701 1959 848 2055 quidem
860 1959 1169 2056 sedqniescentia,

124 2082 360 2146 moverentur
385 2096 510 2146 rursus
527 2071 575 2145 ad
598 2071 882 2146 rectitudinem:
910 2070 1088 2144 deberent
1104 2071 1170 2162 illi,

124 2185 154 2258 si
171 2185 314 2281 physici
329 2186 457 2259 haberi
470 2185 611 2273 volunt,
630 2208 779 2258 cansam
796 2187 874 2280 ejus
896 2183 1056 2280 aliquam
1083 2207 1171 2280 pos-

124 2298 265 2371 sibilem
284 2300 482 2395 assignare.
535 2298 682 2393 Alioqui
699 2297 799 2370 idem
824 2296 963 2370 facient
986 2297 1086 2391 quod
1102 2297 1168 2388 illi,

123 2411 186 2506 qui
208 2411 256 2483 ad
283 2410 512 2507 questionem
535 2420 681 2506 quotam
706 2410 832 2484 sonuit
855 2410 1078 2505 respondere
1100 2433 1166 2483 an-

124 2522 225 2611 dent,
261 2547 471 2619 quanquam
505 2522 665 2619 primum
700 2522 815 2594 ictum
850 2545 925 2595 non
959 2522 1168 2597 audierunt.

124 2635 318 2725 Praeterea,
336 2637 367 2708 si
384 2635 557 2732 possibile
571 2658 650 2708 esse
667 2658 853 2730 negarem,
867 2646 910 2708 ut
926 2635 1119 2731 diligentia
1131 2648 1170 2710 et

123 2760 203 2822 arte
230 2749 392 2822 humana
414 2747 496 2821 duae
522 2748 733 2844 superficies
767 2771 964 2845 corporum
992 2748 1167 2822 durorum

123 2863 220 2935 inter
248 2886 287 2934 se
318 2886 384 2958 per
409 2861 534 2935 omnia
550 2873 688 2958 puncta
714 2862 768 2935 ita
794 2875 965 2936 accurate
995 2886 1169 2959 cougrnae

123 2975 215 3047 fiant
244 2986 286 3047 ut
315 2999 363 3047 ne
396 2975 548 3048 minimo
582 2975 731 3071 quidem
765 2976 982 3072 corpusculo
1018 2976 1169 3050 creabili

123 3088 298 3161 transitus
315 3089 564 3182 permittatur,
582 3112 657 3160 non
677 3088 782 3161 video
807 3088 992 3183 quomodo
1023 3088 1076 3162 illi
1104 3100 1169 3163 aut

123 3224 226 3273 suam
254 3199 487 3296 hypothesim
518 3200 624 3289 tueri,
653 3213 718 3273 aut
739 3202 974 3297 negationem
1002 3213 1168 3276 nostram

123 3313 369 3410 improbitatis
387 3337 554 3410 arguere,
567 3315 651 3407 jure
668 3327 829 3409 possent.

174 3428 223 3501 B.
250 3426 550 3522 Experimentnm
568 3426 677 3498 tibia
699 3426 869 3499 machina
897 3439 1024 3501 nostra
1048 3426 1168 3501 adhuc

123 3564 249 3627 unum,
284 3539 365 3633 (sed
400 3541 563 3612 omnium
590 3539 931 3632 mirabilissimum),
962 3564 1031 3612 nec
1061 3539 1169 3635 plura

123 3653 291 3726 referam.
345 3654 537 3727 Suctorem
556 3652 618 3748 qni
636 3676 752 3748 nsque
776 3651 823 3726 ad
842 3653 1000 3750 cylindri
1019 3652 1169 3726 summi-

122 3779 238 3841 tatem
255 3767 418 3841 intrusus
435 3766 567 3855 fuerat,
584 3780 779 3862 postquam
798 3768 917 3840 omnis
943 3768 1020 3840 aeri
1047 3765 1169 3839 aditus

123 3880 291 3954 occlusus
326 3890 433 3969 esset,
465 3880 500 3952 vi
532 3902 708 3952 manuum
739 3880 787 3951 ad
815 3879 930 3952 imum
965 3891 1168 3952 retractum

122 3994 304 4067 vidimus:
332 3995 384 4066 ita
401 4007 444 4066 ut
461 3993 621 4089 spatium
645 3992 681 4065 in
700 3992 866 4089 cylindro
895 4016 1052 4065 vacnum
1079 3992 1169 4066 satis

122 4131 298 4203 magnum
316 4119 424 4179 esset.
478 4107 627 4180 Suetori
644 4107 776 4180 deinde
793 4106 938 4202 pondus
956 4107 1039 4203 plus
1057 4130 1168 4203 quam

123 4231 272 4292 centum
289 4220 467 4293 librarum
491 4243 692 4316 appensum
721 4221 803 4294 fuit.
854 4220 1022 4294 Vidimus
1050 4233 1170 4296 sucto-

123 4356 213 4424 rem,
229 4334 336 4407 simnl
354 4358 397 4407 ae
424 4334 632 4407 libertatem
659 4347 790 4409 nactus
816 4344 924 4425 esset,
942 4357 1010 4409 sua
1038 4347 1169 4433 sponte
