2946 5010
356 424 934 480 nsuauusuvcmnoumnrvm.
1087 411 1158 493 ’147

119 592 247 666 stratio
265 592 313 664 sit
329 592 505 689 legitima.
558 593 658 688 Lego
686 593 785 666 euim
808 592 1006 689 symbolica
1028 593 1157 668 istaut
1196 627 1346 669 ancones

117 705 222 802 pueri
242 706 457 794 Homerum,
473 705 603 801 quibus
617 704 664 778 ad
675 705 819 801 singula
831 705 1009 779 vocabula
1021 705 1158 780 adeun·
1199 709 1340 811 L

117 819 206 892 dum
224 830 280 891 est
297 819 451 893 lexicon.
510 818 606 891 lllud
631 828 754 890 autem
771 818 877 889 Alte
902 841 949 890 ne
976 818 1015 890 in
1040 818 1158 893 lexico

117 932 266 1026 quidem
284 942 353 1003 est.
1091 938 1093 943 '

167 1044 217 1117 A.
245 1044 301 1116 Sit
319 1043 467 1140 quidem
482 1067 569 1116 vera
586 1043 864 1116 demonstratio.
906 1043 957 1115 At
975 1045 1158 1140 quomodo

115 1156 307 1230 transferri
324 1168 446 1253 potest
467 1156 515 1229 ad
540 1155 846 1252 proportionales
865 1179 948 1250 quae
975 1180 1045 1230 nec
1074 1183 1160 1232 con·

117 1272 233 1344 tinuae
251 1282 348 1359 suut,
364 1292 432 1342 nec
449 1270 487 1341 in
501 1268 628 1341 eadem
644 1267 736 1341 serie
747 1268 1015 1359 continuarum,
1032 1271 1157 1365 quales

116 1380 1159 1470 sunt224::3:6,ve13:9::4:12;ubidistantiiset

115 1494 298 1568 indicibus
315 1495 417 1567 locus
442 1492 618 1567 nonest?
670 1493 846 1566 Nondum
875 1517 964 1589 ergo
993 1496 1159 1591 proposi-

116 1609 256 1682 tionem
274 1608 374 1680 illam
392 1607 509 1701 (Eucl.
527 1607 576 1679 vi.
595 1608 652 1700 16)
670 1606 945 1679 demonstravit.

166 1722 215 1794 B.
243 1720 450 1794 Redeamus
472 1721 519 1793 ad
544 1720 664 1816 Caput
690 1743 798 1808 xxxv,
824 1719 923 1792 unde
950 1719 1086 1792 frustra
1103 1720 1158 1794 di·

115 1836 232 1931 gressi
249 1858 385 1908 sumus.

167 1948 215 2020 A.
242 1949 321 2021 Imo
349 1947 594 2021 transiliamus
612 1960 651 2018 et
672 1943 775 2033 illud,
805 1957 843 2018 et
872 1945 1081 2041 proximum
1105 1946 1159 2019 illi

116 2062 239 2133 xxxvi.
298 2060 418 2134 Credo
437 2061 535 2134 enim
552 2059 783 2132 Elementum
802 2059 969 2154 quintum
984 2082 1028 2131 ex
1042 2059 1159 2155 hypo-

116 2173 224 2263 thesi,
243 2198 354 2270 quam
371 2174 432 2247 ille
449 2173 658 2268 assumpsit,
670 2184 734 2244 aut
751 2183 850 2246 recte
868 2171 1158 2246 demonstratum

117 2309 210 2375 esse,
228 2298 293 2359 aut
309 2287 340 2358 si
357 2285 488 2358 vitium
507 2285 656 2382 aliquod
672 2285 871 2380 irrepserit,
890 2296 1024 2381 praeter
1041 2285 1157 2382 ipsam

118 2399 355 2494 scriptionem
372 2399 621 2495 symbolicam,
641 2422 717 2471 uon
743 2398 839 2470 illius
862 2397 1066 2493 imperitiae,
1092 2400 1158 2472 sed

116 2513 348 2608 typographo
362 2513 419 2585 vel
437 2511 692 2608 transcripturi
711 2510 945 2583 tribuendum
963 2534 1053 2584 esse.
1092 2514 1159 2587 Est

118 2636 242 2697 autem
262 2625 386 2720 Caput
403 2625 515 2698 xxxvi
545 2623 708 2720 ejusdem
725 2623 864 2720 Capitis
889 2648 985 2696 xxxv
1001 2624 1157 2722 brachy-

118 2739 389 2834 stenographia.
458 2740 576 2834 Caput
610 2737 734 2810 xxxvii
761 2737 909 2809 unicum
939 2737 1051 2810 habet
1073 2763 1158 2835 pro·

116 2848 238 2923 blema
255 2850 339 2938 hoc,
361 2850 464 2922 datis
490 2848 609 2922 tribus
624 2847 969 2945 proportionalibus
996 2850 1158 2923 inuenire

117 2972 316 3059 quartum
342 2986 424 3058 quae
438 2974 493 3035 est
507 2962 648 3057 Regula
656 2962 789 3034 Aurea.
809 2962 921 3057 Cujus
932 2964 1157 3037 constructio

116 3074 197 3149 haec
221 3086 301 3159 est;
330 3074 465 3147 tertius
493 3072 759 3171 multiplicetur
778 3099 855 3172 per
885 3076 1093 3165 secuudum,
1120 3087 1158 3150 et

110 3187 322 3286 productus
350 3187 543 3260 dividatur
562 3212 639 3284 per
659 3188 834 3283 primum.
887 3189 1092 3278 Quaevera,
1120 3206 1158 3263 et

116 3301 228 3398 vulgo
262 3312 410 3397 recepta
445 3312 513 3374 est.
580 3301 843 3373 Demonstraus
877 3314 1000 3375 autem
1035 3303 1157 3391 sumit,

118 3414 218 3509 quod
234 3414 362 3510 Capite
385 3438 457 3486 xxv
474 3414 555 3487 loco
570 3414 791 3486 definitionis
808 3414 908 3487 nullo
923 3418 1006 3511 jure
1018 3415 1158 3503 habuit,

117 3525 179 3599 uti
220 3526 419 3624 quatientes
460 3537 545 3599 sunt
577 3525 753 3624 (equales,
786 3526 839 3599 ibi
873 3529 1041 3601 rationes
1074 3539 1159 3602 sunt

117 3639 278 3716 ecdem:
306 3650 342 3712 et
358 3639 421 3712 ubi
437 3641 601 3737 quotieas
618 3641 740 3734 major
757 3649 824 3728 est,
837 3641 890 3713 ibi
903 3645 1022 3737 major
1039 3641 1159 3725 ratim·

116 3751 179 3825 ubi
196 3753 325 3843 minor,
344 3757 474 3825 minor.

170 3865 218 3938 B.
247 3867 286 3939 Si
321 3867 396 3939 siut
438 3866 510 3938 duo
553 3868 761 3961 quotieutes
797 3867 966 3962 aequales,
1001 3868 1160 3963 exempli

119 4003 239 4069 causa,
256 4002 411 4052 numero
428 3989 464 4065 4,
482 3979 544 4074 qui
570 3993 627 4050 est
651 3979 819 4074 quotiens
844 3981 951 4053 divisi
969 3988 1016 4053 20
1034 4003 1099 4075 per
1125 3990 1159 4068 5,

119 4093 267 4188 aequalis
285 4093 335 4165 sit
353 4104 388 4180 4,
416 4092 584 4186 quotiens
607 4091 712 4164 divisi
737 4101 778 4164 12
797 4117 864 4188 per
882 4102 926 4176 3;
954 4093 1043 4165 dicit
1073 4117 1160 4190 ergo

120 4206 206 4281 lad
224 4217 245 4279 4
266 4228 347 4279 esse
365 4205 404 4276 iu
422 4204 549 4277 eadem
568 4203 733 4288 ratione;
761 4207 859 4301 quod
883 4231 957 4279 uon
984 4205 1160 4303 intelligo,

996 4343 1048 4391 ue
