2946 5010
365 433 680 487 uarnnunrrcru
699 434 943 488 nomnnnm.
1122 421 1170 487 88

127 618 299 670 numeros
317 603 340 669 8
357 606 398 670 ct
418 606 462 671 15
480 621 547 694 per
564 601 609 684 43
636 598 735 672 unde
752 600 847 674 fiunt
863 599 1075 696 quotientes
1090 609 1113 674 2
1131 610 1171 674 et
1210 629 1358 672 ersmers

127 714 182 798 31,
205 709 271 805 qui
299 710 453 783 suntin
480 710 623 784 ratione
644 710 733 785 8ad
756 721 810 786 15.
864 713 1016 802 Rursus,
1047 712 1171 787 divido
1210 711 1354 818 ss

129 831 171 896 15
189 847 258 919 per
275 824 406 897 ambos
423 848 596 898 numeros
613 833 634 898 4
655 836 693 898 ct
710 835 756 909 5;
783 835 822 898 et
847 826 942 900 fiunt
962 826 1171 921 quotientcs

126 937 168 1015 31
187 945 227 1009 et
244 944 281 1026 3,
299 936 364 1031 qui
380 937 521 1010 suntin
538 938 680 1010 ratione
697 947 741 1010 12
759 937 807 1010 ad
825 946 880 1010 15.
933 938 1064 1011 Positis
1081 962 1170 1035 ergo

125 1047 256 1121 ordine
272 1047 434 1122 numeris
452 1055 488 1138 8,
512 1057 568 1133 12,
591 1056 647 1138 15,
665 1048 696 1121 si
714 1048 894 1122 aratione
912 1057 935 1123 8
952 1049 1000 1123 ad
1021 1059 1064 1124 15
1084 1051 1170 1125 sub-

125 1160 296 1234 trahatur
322 1161 417 1235 ratio
439 1169 482 1235 12
500 1160 550 1235 ad
571 1169 627 1250 15,
645 1160 683 1234 id
707 1173 774 1251 est,
791 1163 921 1236 111114
941 1162 990 1236 ad
1008 1171 1042 1253 5,
1060 1164 1170 1238 reliu-

126 1273 921 1371 1111111111Βώ1211111111121113.

176 1385 227 1460 Β.
254 1387 315 1460 An
328 1410 403 1460 non
419 1387 513 1460 ratio
530 1411 554 1459 1
569 1386 712 1460 ratione
735 1387 890 1461 subduci
915 1398 1040 1484 potest
1056 1389 1169 1462 etiam

125 1500 204 1574 sine
221 1499 280 1573 his
297 1498 563 1575 divisionibus?

175 1612 225 1687 A.
251 1612 390 1687 Potest.
441 1613 539 1686 Nam
556 1612 587 1686 si
608 1613 675 1686 fiat
697 1623 738 1685 ut
765 1635 992 1708 consequens
1015 1612 1169 1688 rationis

124 1725 373 1800 subducenda
399 1725 448 1801 ad
474 1725 696 1799 antecedens
721 1748 839 1815 suum,
862 1726 915 1798 ita
940 1750 1169 1822 consequens

124 1839 279 1914 rationis
295 1839 450 1936 integrae
466 1838 515 1913 ad
537 1848 719 1935 quartam,
738 1838 847 1927 ratio,
865 1861 946 1932 quae
973 1849 1056 1935 post
1082 1840 1169 1913 sub-

125 1951 337 2026 ductionem
367 1950 596 2047 relinquitur,
623 1950 693 2023 erit
719 1950 815 2022 ratio
843 1950 1093 2024 antecedentis
1120 1952 1168 2026 ad

125 2065 227 2139 illam
255 2076 435 2162 quartam.
486 2063 598 2137 Verbi
624 2063 766 2159 gratia;
792 2063 824 2135 si
850 2087 873 2136 a
898 2063 1042 2136 ratione
1074 2072 1097 2137 8
1120 2065 1168 2139 ad

129 2177 395 2253 15111111ηὰ1
419 2178 468 2251 sit
498 2177 591 2250 ratio
617 2176 760 2266 41115,
782 2177 848 2249 fiat
874 2189 917 2249 ut
943 2185 965 2249 5
991 2177 1084 2251 1114
1116 2178 1169 2251 ita

129 2302 175 2367 15
193 2291 243 2366 ad
258 2301 438 2388 quartam,
465 2314 547 2386 quae
565 2289 635 2362 erit
655 2297 711 2363 12.
764 2289 894 2363 Positis
921 2313 1011 2386 ergo
1038 2291 1168 2365 ordine

126 2414 163 2495 8,
186 2413 333 2493 12,15;
359 2405 390 2479 si
412 2429 435 2478 a
459 2405 602 2477 ratione
620 2411 643 2476 8
661 2403 709 2476 ad
730 2413 774 2476 15
793 2403 980 2477 auferatur
1005 2404 1100 2477 ratio
1123 2414 1166 2478 12

125 2518 176 2592 ad
196 2526 254 2607 15,
279 2517 404 2609 idest,
429 2518 524 2591 ratio
544 2526 565 2591 4
585 2516 633 2589 ad
652 2528 686 2605 5,
715 2516 942 2612 relinquetur
966 2517 1062 2591 ratio
1080 2525 1103 2591 8
1120 2517 1168 2591 ad

129 2641 188 2719 12,
205 2630 329 2722 idest,
348 2631 441 2705 ratio
460 2640 482 2704 2
501 2629 549 2703 ad
568 2638 603 2703 3.

177 2743 227 2818 B.
254 2744 473 2819 Clarissimo.

176 2856 226 2931 A.
254 2856 515 2931 Animadverte
533 2878 641 2952 quam
665 2854 714 2927 sit
730 2855 777 2927 ab
791 2855 1069 2951 improprietate
1086 2879 1167 2929 ver-

123 2972 258 3046 borum
280 2994 436 3069 pronum
466 2968 674 3042 hominibus
696 2968 838 3065 prolabi
854 2969 894 3041 iu
908 2992 1051 3042 errores
1069 2969 1167 3043 circa

124 3085 224 3183 ipsas
249 3109 319 3160 res.
372 3084 477 3158 Sicut
505 3083 603 3156 enim
630 3093 672 3155 tu
700 3106 767 3178 pro
794 3083 998 3179 composita
1021 3084 1167 3157 ratione

124 3199 313 3295 sumpsisti
358 3198 538 3271 rationem
578 3195 824 3292 quantitatum
867 3197 1166 3292 compositarum,

123 3312 178 3386 ita
206 3312 393 3385 Wallisius
419 3311 553 3406 aliique
582 3309 730 3405 plurimi
761 3309 942 3383 rationem
970 3310 1166 3405 duplorum

122 3434 274 3498 sumunt
290 3447 358 3520 pro
375 3424 518 3497 ratione
531 3422 654 3519 dupla,
669 3422 813 3518 decepti
829 3423 875 3494 ab
888 3422 1167 3520 improprietate

124 3536 382 3634 eloquutionis.

178 3649 228 3723 B.
254 3650 373 3723 Miror
388 3660 512 3722 autem
531 3647 630 3743 quod
647 3659 723 3720 tam
738 3648 894 3721 clamose
912 3648 1111 3721 contendat
1127 3648 1166 3721 in

123 3762 290 3837 Elcncho
316 3762 513 3851 Wallisius,
543 3761 846 3858 compositionem
878 3761 1062 3834 rationum
1090 3785 1165 3834 non

123 3876 351 3950 additionem
369 3876 434 3950 sed
451 3875 793 3971 multiplicationem
810 3874 1002 3946 dicendam
1020 3897 1110 3947 esse.

176 3990 226 4063 A.
252 3991 345 4063 Tam
358 3989 421 4062 diu
438 4002 561 4062 autem
579 3989 704 4061 mirari
717 4010 792 4059 non
805 3985 961 4076 desines,
976 4011 1083 4082 quam
1102 3986 1166 4061 diu

122 4103 171 4177 ab
187 4104 350 4192 bomine,
369 4103 432 4198 qui
460 4127 504 4176 ea
526 4101 672 4197 scripsit
688 4123 769 4198 quae
796 4100 972 4173 hacteuus
999 4099 1165 4196 legimus,

124 4217 322 4316 quiequam
339 4215 550 4313 expectabis
568 4226 791 4289 accuratum.

171 4332 222 4406 B.
251 4331 309 4405 Ex
340 4331 410 4404 hac
437 4329 620 4403 rationum
647 4326 909 4424 compositione
933 4325 1166 4401 manifestum

1009 4461 1066 4513 es
