2946 5010
288 394 362 461 334
563 407 845 463 nuouuuunrs
864 406 1057 463 nursrcs.

120 600 231 643 cmv.
288 573 416 651 caeteri
437 574 589 651 effectus
611 574 880 673 producuntur,
903 576 969 653 scd
993 599 1017 649 c
1039 575 1328 673 reciprocatione

103 668 249 775 ἶῖζ
289 685 330 761 iu
345 686 444 761 linco
459 710 692 787 quocunque.

122 792 223 841 “⁰¹¹²
339 800 411 875 Pro
427 824 540 876 ceusu
555 824 645 899 ergo
659 801 808 877 duritiei
820 826 990 901 suppono
1000 800 1328 900 reciprocationem

287 910 390 987 illum
411 923 450 989 et
464 912 732 989 velocissimum
755 938 846 1006 esse,
865 930 904 991 et
926 916 1027 991 intre
1049 913 1169 1013 spatio
1191 914 1328 989 brevis-

290 1046 395 1099 mmo.

337 1138 388 1215 A.
414 1138 606 1236 Conceptu
626 1137 775 1213 difficile
791 1151 860 1214 est.
912 1141 1065 1217 Utinam
1087 1141 1168 1215 haec
1190 1140 1325 1215 visibili

288 1252 411 1349 cliquo
427 1252 679 1351 experimento
695 1252 860 1327 emollire
876 1254 1000 1328 velles.

340 1363 390 1439 Β.
417 1364 578 1443 Quando
596 1376 740 1439 tensam
755 1364 869 1456 vides,
886 1366 1045 1464 exempli
1067 1388 1189 1456 cansa,
1205 1365 1326 1440 ballis-

288 1486 387 1553 tam:
412 1490 570 1575 putasne
586 1490 712 1578 portes
728 1480 807 1575 ejus
823 1479 987 1553 moveri?

338 1591 390 1666 A.
415 1590 583 1667 Minime.
635 1591 721 1667 Scio
738 1616 866 1667 omues
880 1593 1078 1690 quiescere.

340 1703 390 1780 Β.
416 1705 614 1782 Quomodo
629 1705 702 1781 hoc
717 1706 812 1780 scire
834 1706 965 1804 potes?
1015 1704 1128 1779 Nullo
1150 1713 1248 1777 certe
1269 1728 1327 1778 ar-

287 1828 477 1915 gumento,
501 1830 749 1917 praeterquom
781 1821 883 1917 quod
915 1820 1055 1895 moveri
1086 1842 1162 1892 non
1195 1817 1326 1892 cernis.

288 1929 401 2005 Vides
428 1932 576 2029 quidem
605 1932 779 2007 laminam
804 1943 923 2007 totam
953 1933 1222 2030 quiescentem:
1249 1954 1327 2003 cre·
1356 1960 1361 1975 ·

289 2042 497 2120 dendnmne
527 2070 616 2143 ergo
647 2057 703 2120 est
731 2045 918 2144 quiescere
951 2046 1065 2121 etium
1091 2056 1215 2142 partes
1249 2045 1327 2139 ejus

289 2179 417 2231 omnes
434 2158 610 2249 internos,
627 2182 713 2233 cum
729 2171 786 2234 tot
802 2159 877 2234 sint
893 2168 1111 2257 argumento
1126 2180 1209 2255 quae
1226 2157 1327 2230 evin·

289 2279 380 2343 cunt
395 2269 646 2344 contrarium?

340 2382 389 2457 Α.
419 2382 503 2457 Quo
515 2396 733 2480 argumento
747 2394 889 2458 motum
906 2384 1024 2458 inesse
1037 2383 1182 2456 evinces
1195 2383 1233 2456 iu
1246 2405 1326 2479 por·

290 2495 388 2570 tibus
405 2496 550 2570 laminae
567 2496 765 2593 chalybeae‚
783 2497 871 2570 dum
883 2508 1007 2569 munet
1025 2495 1152 2569 tenso?

342 2609 390 2681 Β.
418 2609 458 2681 Si
485 2633 731 2705 nervumque
754 2622 901 2683 tenetur
918 2620 1023 2682 tenso
1048 2607 1243 2697 discindas‚
1262 2619 1326 2680 aut

291 2744 509 2818 quocunque
536 2721 645 2794 modo
673 2746 696 2793 a
722 2723 758 2794 vi
786 2723 961 2795 tendente
987 2721 1130 2809 libereS,
1158 2720 1324 2816 protinus

290 2845 429 2905 motum
452 2834 597 2907 laminae
613 2834 753 2907 videbis
770 2836 1046 2923 velocissimum,
1065 2859 1136 2931 quo
1160 2858 1198 2907 se
1224 2835 1324 2906 resti·

289 2956 369 3018 tuet
381 2946 429 3017 ad
443 2947 553 3019 situm
566 2946 664 3020 uude
676 2948 714 3020 vi
731 2949 908 3023 tensionis
922 2947 1162 3021 dimotaerct.
1200 2948 1325 3020 Motus

289 3058 397 3155 hujus
415 3084 497 3155 quae
515 3083 624 3133 causo
642 3074 697 3134 est
712 3060 725 3133 i

340 3170 388 3245 A.
416 3173 500 3269 Ipsa
516 3173 619 3245 nervi
637 3173 785 3266 laxatio,
804 3173 861 3247 vel
875 3173 1020 3247 laminae
1033 3183 1219 3269 utcunque
1236 3172 1324 3244 libe-

288 3286 384 3359 ratio
400 3311 423 3360 a
439 3287 476 3359 vi
490 3286 675 3360 tendente.
1204 3276 1208 3293 '

338 3398 388 3472 B.
418 3399 528 3475 Quod
545 3399 576 3472 si
598 3400 743 3473 lamiuae
767 3422 843 3472 non
865 3409 991 3489 tensae,
1010 3398 1074 3471 sed
1096 3411 1221 3471 tamen
1244 3421 1325 3470 cur-

287 3512 454 3601 vissimae‚
473 3513 595 3607 capita
620 3536 733 3585 nervo
756 3523 1076 3597 connecterentur,
1100 3511 1232 3584 deinde
1256 3511 1327 3582 dis-

289 3625 497 3698 cinderetur
514 3649 664 3698 nervus:
693 3649 768 3698 non
786 3624 912 3699 credes
930 3626 1102 3699 laminam
1119 3626 1218 3697 illam
1237 3634 1325 3696 tunc

288 3762 518 3812 recursurum
536 3762 613 3810 esse
631 3738 678 3811 ad
696 3739 806 3812 sitnm
829 3739 1034 3813 rectiorem.
1086 3738 1130 3811 In
1147 3762 1219 3834 quo
1237 3760 1325 3833 ergo

289 3851 457 3924 consistit
474 3850 704 3924 differentia?

336 3962 384 4037 A.
411 3964 573 4037 Laminae
595 3975 721 4052 tensae,
740 3964 914 4037 elustrnm
938 3964 1122 4060 quoddam
1149 3963 1247 4035 intus
1272 3960 1327 4033 in·

288 4087 367 4148 est:
394 4075 539 4149 laminae
566 4100 653 4149 vero
686 4076 763 4149 sine
794 4076 960 4150 tensione
988 4100 1122 4166 curvae,
1151 4075 1326 4148 elustrum

288 4188 429 4260 nullum
446 4199 512 4261 est.

337 4299 384 4373 Β.
412 4299 511 4376 Quid
529 4312 586 4373 est
603 4300 801 4374 elustrum?
