2946 5010
308 399 357 466 80
524 412 795 464 nxauruarro
817 412 866 463 ur
883 410 1136 462 nunuoarro

118 609 269 649 armosos
308 580 430 669 idest,
448 582 629 654 rationem
656 579 938 676 multiplicatam
961 603 1027 676 per
1048 578 1135 667 duo,
1153 576 1277 666 idest,
1296 601 1354 650 ra»

122 690 266 794 „L
307 694 446 768 tionem
464 694 700 791 duplicatam,
719 694 843 766 vocari
860 693 961 766 vides
978 707 1157 765 διπλασίονα.

356 805 403 880 Β.
430 808 548 881 Video
562 832 689 880 vocem
703 806 803 879 illam
815 820 1013 902 utrumque
1030 806 1237 901 significare
1256 803 1353 899 apud

307 920 510 1009 Euclidem,
528 935 607 994 tum
626 921 791 1016 duplum,
810 932 889 992 tum
915 919 1155 1016 duplicatum,
1178 916 1353 1013 quemad-

307 1033 459 1106 modum
493 1034 593 1130 apud
626 1033 799 1106 authores
837 1033 988 1106 Graecos
1024 1044 1178 1105 caeteros
1213 1054 1352 1104 omnes.

306 1146 422 1219 Video
441 1147 550 1220 etiam
565 1146 744 1219 vocabula
754 1145 886 1218 Latina
904 1144 1056 1242 duplum
1069 1158 1107 1218 et
1125 1144 1353 1240 duplicatum

306 1259 404 1333 idem
422 1260 640 1355 significare,
658 1271 700 1330 ut
722 1270 759 1331 et
777 1258 906 1331 Graeca
932 1268 1054 1339 διπλοῦς,
1079 1269 1232 1337 διπλάσιος,
1255 1267 1352 1327 διπλο-

307 1383 383 1455 οῐοο,
403 1381 608 1451 διολοοιοδοδι.
668 1371 742 1445 Sed
769 1395 836 1443 cur
861 1370 981 1443 noluit
1000 1369 1172 1442 Euclides
1189 1368 1246 1440 uti
1263 1393 1354 1442 voce

306 1497 457 1569 διπλάσιοι,
474 1509 558 1557 cum
574 1485 707 1581 potuit,
722 1496 760 1556 et
778 1483 825 1556 ad
843 1482 1057 1556 evitandum
1074 1481 1354 1578 ambiguitatem

305 1598 452 1671 videtur
470 1597 649 1686 debuisse,
667 1597 832 1670 nondum
848 1595 1043 1691 perspicio.

357 1712 405 1784 Α.
435 1711 616 1786 Quaenam
639 1734 717 1784 esse
743 1722 865 1807 potest
893 1708 1113 1804 ambiguitas
1140 1707 1177 1780 in
1202 1706 1353 1782 vocibus

307 1844 389 1916 quae
406 1824 504 1897 idem
521 1824 731 1920 significant
749 1823 894 1920 ubique.
948 1823 1042 1896 Sunt
1059 1822 1123 1918 qui
1140 1837 1255 1897 διολοῡο
1281 1824 1354 1896 dis-

297 1940 771 2037 1ϊίιλςιιιιιιῐελιδιολιιοιίιι,1ιοο
785 1964 990 2030 numerum,
1004 1939 1096 2012 illud
1108 1941 1353 2036 quantitatem

306 2054 518 2129 continuam
549 2055 733 2150 respicere
760 2053 935 2127 dicentes.
988 2051 1063 2126 Sed
1088 2052 1186 2127 inter
1211 2060 1353 2127 διολάοιοδ

306 2180 345 2241 et
371 2179 538 2240 διολοοέοιοι
566 2167 812 2240 differentiam
837 2166 975 2241 nullam
1003 2167 1210 2254 observant,
1234 2190 1353 2263 neque

305 2281 539 2377 grammatici
552 2304 671 2377 neque
684 2280 935 2354 mathematici
948 2280 1080 2353 Graeci.
1120 2280 1240 2353 Credo
1253 2281 1354 2377 equi·

307 2394 391 2467 dem
421 2406 573 2465 διολοοδιο
590 2415 723 2465 nomen
751 2406 893 2466 rectum
910 2392 1049 2465 factum
1067 2415 1147 2465 esse
1164 2417 1187 2465 a
1204 2395 1352 2467 nomine

305 2507 437 2603 plurali
451 2506 613 2601 genitivo
631 2517 792 2583 διολοοιοο,
817 2508 921 2601 cujus
947 2519 1069 2579 rectus
1086 2506 1282 2602 singularis
1299 2519 1353 2580 est

306 2629 469 2697 διπλάσιοο;
499 2618 623 2713 itaque
651 2618 689 2690 in
720 2619 971 2714 propositione
1005 2619 1135 2691 ultima
1168 2620 1352 2706 Elementi

306 2730 408 2816 noni,
429 2741 459 2798 ἐν
475 2743 617 2819 ιἰιολογιο
632 2741 801 2818 διολοοιοοι,
819 2731 917 2802 idem
939 2755 1017 2804 esse
1042 2733 1140 2827 quod
1157 2746 1188 2803 ἐν
1206 2750 1352 2826 ἀναλογίᾳ

307 2854 471 2929 δοιλιιοὶοο,
483 2854 522 2914 et
538 2841 577 2912 iu
594 2841 663 2914 hac
683 2842 896 2917 definitione
914 2844 1068 2934 decima,
1083 2862 1172 2932 λόγοι
1187 2858 1353 2919 διιλοοίιοο

306 2955 404 3026 idem
422 2977 502 3026 esse
521 2955 620 3050 quod
637 2970 720 3041 λόγος
735 2967 902 3031 διολοοιόο.
954 2958 1058 3030 Nihil
1082 2981 1170 3053 ergo
1189 2972 1246 3031 est
1260 2958 1352 3032 diffi-

306 3067 454 3140 cultatis
482 3067 520 3139 in
550 3068 787 3164 eloquutione
811 3071 1153 3144 mathematicorum
1170 3086 1350 3146 veterum:

305 3182 357 3255 At
369 3181 592 3255 recentiores
606 3182 858 3256 difficultatem
870 3186 1016 3258 sibimet
1026 3185 1115 3280 ipsis
1134 3197 1352 3282 creaverunt

305 3320 349 3368 ex
368 3296 518 3369 vocibus
547 3295 712 3368 barbaris
740 3296 971 3395 subduplum,
998 3297 1233 3395 crcbtripluna
1260 3311 1349 3373 etc:

304 3408 439 3504 quippe
469 3409 532 3504 qui
562 3432 638 3480 nou
665 3409 909 3483 meminerant
940 3434 985 3482 er
1014 3410 1263 3507 duplicatione
1293 3412 1349 3486 vel

304 3523 415 3594 etiam
433 3521 738 3616 multiplicatione
765 3523 905 3619 aliquid
927 3524 1006 3597 fieri
1029 3547 1135 3620 posse
1152 3524 1350 3620 aliquando

304 3635 436 3708 minus,
489 3635 586 3708 Nam
614 3636 839 3730 quantitates
866 3638 973 3727 fictae,
1005 3637 1130 3733 quales
1155 3650 1244 3711 sunt
1274 3649 1349 3729 0·13

305 3758 382 3839 3-5,
404 3761 442 3822 et
464 3748 556 3836 aliae,
582 3748 621 3820 id
649 3760 714 3834 est,
740 3751 900 3824 minores
930 3775 1041 3847 quarn
1069 3751 1181 3834 nihil;
1209 3766 1349 3848 quanto

302 3863 384 3958 plus
411 3862 703 3959 multiplicantur
719 3887 742 3935 a
759 3888 913 3936 numero
932 3889 1030 3951 vero,
1057 3875 1161 3938 tanto
1188 3867 1349 3940 minores

301 3974 407 4046 fiunt.

354 4086 529 4159 Definitio
548 4089 703 4184 septima
720 4099 775 4160 est
789 4089 1119 4183 proportionalium
1135 4120 1143 4173 ;
1162 4103 1348 4179 accurata,

303 4199 368 4270 sed
386 4212 424 4272 et
439 4200 624 4274 facillima.
676 4203 742 4274 Est
755 4201 864 4291 enim,
881 4202 1031 4276 definita
1043 4205 1120 4299 jam
1138 4204 1271 4277 eudem
1288 4228 1348 4276 rc-

300 4311 410 4399 tione,
424 4315 678 4389 tantummodo
696 4313 900 4388 nominatio
919 4339 1046 4390 eorum
1063 4338 1144 4412 quae
1163 4318 1347 4392 rationem
