2956 5018
329 416 351 480 4
542 428 813 479 nxnnrnrnrro
835 427 884 478 ur
904 426 1152 479 nnannnrro

135 623 294 671 oratores
331 597 378 669 ab
405 596 572 691 Egyptiis
596 596 777 685 didicisse,
804 597 938 668 author
962 609 1018 669 est
1043 596 1207 668 historiae
1236 597 1371 668 veteris

146 705 289 807 ,ζμ
332 709 575 805 transcriptor
607 709 789 782 Diodorus
825 709 979 797 SiculuS,
1012 710 1050 782 in
1081 707 1243 782 secunda
1268 720 1372 804 parte

330 822 414 897 libri
426 822 534 918 primi
546 823 597 894 sic
610 823 793 895 scribens:
824 821 1017 895 Chaldaea
1032 822 1143 893 etiam
1156 821 1293 910 dicant,
1308 822 1373 919 qni

331 935 370 1007 in
387 933 579 1031 Babylone
599 945 684 1007 erint
710 934 828 1008 coloni
844 935 1111 1033 Egyptiornm,
1130 944 1293 1032 propter
1310 960 1373 1008 aa·

331 1047 531 1147 tralegiam
546 1048 742 1133 celebrari,
759 1074 866 1146 qnam
880 1074 904 1120 a
917 1047 1174 1121 sacerdotibus
1187 1047 1373 1145 Egypriis

331 1160 551 1234 didicerunt.
604 1163 697 1236 Quis
715 1163 795 1235 haec
812 1161 1050 1235 conciliabit?

381 1271 428 1345 B.
455 1274 577 1346 Etiam
595 1274 799 1348 Wallisium
818 1274 992 1347 credibile
1010 1286 1077 1361 est,
1095 1275 1173 1369 ejus
1196 1273 1296 1369 quod
1312 1275 1372 1347 hic

332 1385 433 1475 dicit,
452 1388 641 1459 authorem
661 1387 831 1461 habuisse
845 1387 1180 1482 historiographum
1195 1387 1371 1482 aliquem;

331 1522 418 1571 uam
432 1499 624 1573 dissentire
637 1500 733 1573 inter
746 1524 784 1573 se
796 1500 989 1572 historicos
1002 1499 1208 1571 mirandum
1218 1523 1292 1572 non
1304 1515 1371 1575 est.

383 1609 429 1684 A.
451 1612 506 1685 Et
515 1624 663 1711 prater
679 1615 789 1686 caria
807 1612 1034 1684 theoremata
1047 1612 1094 1684 de
1106 1636 1196 1684 novo
1214 1612 1372 1704 inventa,

333 1725 420 1823 ipw
438 1726 641 1799 inveniendi
658 1725 847 1799 nretltodne
864 1724 1252 1821 maltnmsacilitatnr.
1305 1726 1373 1799 At.

330 1836 468 1935 gadra,
487 1863 627 1936 nempe,
645 1839 722 1911 rice
738 1837 936 1934 analytica
956 1862 1045 1909 nana
1068 1837 1170 1910 ultra
1189 1864 1295 1935 qaam
1313 1841 1374 1937 qni

332 1949 517 2022 veterina
534 1951 701 2040 innotuit,
708 1952 793 2046 jam
810 1951 1014 2023 innotescit.

384 2061 429 2134 B.
459 2064 639 2139 Quaenam
668 2077 754 2137 sunt
776 2063 838 2136 illa
861 2064 1090 2136 theoremata
1113 2088 1208 2136 nova
1225 2088 1291 2161 per
1309 2065 1374 2138 Al-

331 2175 481 2272 gebram
500 2176 676 2250 inventa?

383 2289 431 2361 A.
459 2290 637 2384 Intelligit
655 2289 809 2361 fortasse
828 2314 882 2378 ea,
901 2313 983 2385 qnae
1002 2301 1088 2362 sunt
1109 2290 1148 2362 in
1166 2289 1374 2386 Ougthredi

333 2400 443 2475 Clave
470 2401 742 2474 Mathematica.
798 2400 872 2473 Sed
898 2412 1020 2473 tamen
1049 2402 1163 2474 multa
1193 2404 1263 2475 illis
1291 2404 1373 2500 pul-

332 2513 479 2586 chriora
495 2515 532 2585 in
550 2514 644 2586 libro
663 2514 819 2609 septimo
837 2514 950 2609 Pappi
975 2527 1114 2604 extant,
1139 2516 1289 2589 inventa
1305 2540 1373 2613 per

330 2626 529 2721 algebram,
561 2627 630 2700 etsi
661 2628 740 2699 sine
776 2627 949 2722 symbolis
990 2627 1243 2702 demonstrata
1284 2631 1370 2703 sint.

331 2738 404 2812 Sed
422 2741 587 2812 neutrius
604 2740 832 2812 theoremata
849 2740 921 2812 alia
938 2753 1024 2813 sunt
1047 2766 1157 2837 qnam
1182 2767 1263 2838 quae
1284 2768 1373 2816 con·

329 2851 494 2924 tinentur
507 2853 545 2924 in
556 2850 725 2925 doctrina
738 2853 1033 2948 rectangulorum
1050 2868 1088 2927 et
1102 2856 1372 2951 triangulorum

329 2965 615 3039 rectilineorum.
668 2965 814 3038 Falsum
832 2968 943 3039 etiam
962 2979 1028 3055 est,
1048 2967 1147 3064 quod
1165 2968 1226 3041 ille
1239 2969 1370 3057 innuit,

329 3077 516 3173 algebram
534 3090 572 3150 et
585 3079 806 3175 analyticam
824 3079 977 3152 eandem
992 3103 1069 3153 esse
1083 3104 1173 3153 rem.
1226 3081 1371 3154 Falsum

329 3189 431 3278 item,
459 3190 645 3286 algebram
673 3191 888 3264 methodum
916 3215 995 3264 esse
1024 3193 1245 3267 inveniendi.
1298 3195 1372 3268 Sed

329 3303 410 3376 haec
428 3304 607 3399 posterius
625 3306 814 3400 magisque
838 3329 904 3376 sno
921 3305 1002 3377 loco
1019 3306 1372 3380 examinabimus.—

329 3416 570 3490 Aatronomia
613 3417 758 3489 enimiie
800 3418 956 3490 inventia
991 3419 1371 3492 instauratur-Nu-

329 3542 449 3602 merat
477 3531 549 3602 hoc
584 3531 677 3618 loco,
712 3528 997 3602 observationem
1033 3530 1230 3604 stellarum
1266 3531 1371 3605 circa

329 3641 483 3726 loven·
521 3642 622 3714 Solis
651 3643 816 3715 ninculus
828 3671 841 3727 ;
876 3645 1032 3716 Saturni
1059 3643 1236 3727 ananam
1265 3645 1371 3719 Jonie

314 3754 500 3848 sanctam
537 3755 653 3826 Luna
670 3757 936 3852 asperitatem.
989 3757 1061 3830 Sed
1094 3756 1182 3852 quid
1213 3757 1293 3831 haec
1323 3757 1371 3830 ad

329 3867 515 3962 algebram
531 3867 543 3938 ἓ
594 3868 652 3940 Ne
666 3892 687 3938 a
700 3881 890 3963 geometra
903 3868 1064 3964 quidem,
1079 3883 1144 3941 aut
1157 3883 1370 3943 astronomo

328 3978 415 4065 ullo,
445 3981 595 4053 inventa
622 3981 701 4053 haec
725 3991 821 4069 sunt,
850 3980 916 4052 sed
943 3981 988 4052 ab
1013 3981 1185 4055 illiterato
1210 3982 1370 4080 quodam

330 4092 480 4164 Batavo.
533 4092 629 4164 Nam
647 4092 711 4180 illi,
730 4093 788 4165 cui
810 4091 972 4165 inventio
993 4093 1151 4167 debetur
1167 4096 1370 4193 telescopii,

329 4203 483 4277 debetur
500 4228 645 4300 qnoque
670 4203 831 4277 detectio
854 4205 1042 4278 stellarum
1060 4208 1268 4297 Jovialinm‚
1294 4234 1371 4283 ma-

326 4317 490 4390 cularum
513 4317 697 4406 solarium,
722 4318 784 4389 &c
838 4316 972 4391 Nonne
990 4332 1028 4392 et
1046 4320 1113 4392 tibi
1132 4322 1184 4394 sic
1202 4322 1369 4396 videtur?

79 4602 271 4688 A
