2946 5010
308 405 394 494 106,
523 421 792 475 nxsnrusrro
813 422 864 476 nr
882 420 1132 476 nununsrro

118 611 266 656 nrmoous
356 590 405 664 Β.
431 591 675 665 Transeamus
698 616 787 689 ergo
814 593 862 666 ad
887 592 1069 667 decimum
1096 590 1279 689 quintum,
1302 592 1352 667 de

118 694 263 799 „BL
303 703 499 777 additione
517 714 554 777 et
570 702 809 778 subductione
826 705 1007 803 speciosa

353 813 400 889 A.
427 816 539 891 Quod
555 815 713 890 habetur
727 817 800 890 hoc
826 817 960 914 capite,
976 827 1098 892 totum
1115 815 1350 913 desumptum

303 941 360 1003 est
389 953 435 1002 ex
466 929 599 1026 Capite
616 929 654 1002 ii.
680 941 718 1003 et
743 929 795 1002 iii.
823 930 1030 1026 Oughtredi
1050 928 1178 1002 Clade
1196 929 1353 1002 Matius-

302 1045 461 1132 maticae,
479 1046 584 1140 cujus
602 1054 690 1117 sunt
706 1043 942 1133 brevissimae,
957 1054 1197 1117 veruntamen
1215 1042 1351 1139 plenis-

303 1157 416 1247 simae‚
435 1156 597 1252 regulae;
623 1156 740 1230 altera
757 1155 966 1245 additionis,
989 1179 1121 1252 nempe
1139 1167 1183 1228 ut
1199 1156 1350 1251 conjun-

299 1279 444 1368 gantur
471 1268 745 1368 magnitudines
772 1271 937 1343 servatis
966 1268 1118 1368 siguis:
1157 1270 1276 1343 altera
1303 1268 1350 1343 de

302 1382 557 1468 subductione,
582 1406 714 1479 nempe
740 1393 783 1457 ut
807 1385 1000 1478 conjuncta
1025 1391 1186 1480 utraque
1202 1383 1351 1481 magui-

302 1495 430 1569 tudine
446 1504 629 1568 muteutnr
645 1494 766 1568 omnia
791 1495 904 1594 signa
924 1495 1194 1594 magnitudinis
1210 1495 1350 1569 subdu-

199 1704 206 1718 ·
302 1608 438 1681 aenda.
457 1608 668 1683 Additionis
680 1608 886 1704 exemplum
899 1609 998 1704 apud
1008 1607 1267 1705 Oughtredum
1279 1621 1349 1699 est,

624 1732 661 1790 ad
751 1732 818 1789 uA

624 1824 818 1884 addc—3A

622 1954 1056 2028 nunsula-maiman

303 2063 377 2137 Ubi
397 2063 584 2137 Wallisius
608 2063 738 2137 videns
765 2063 1010 2138 differentiam
1036 2059 1345 2158 magnitudinum,

300 2200 434 2273 nempe
451 2179 531 2267 2Α,
550 2178 636 2274 poni
655 2179 701 2251 ab
713 2177 930 2274 Oughtredo
947 2200 1015 2274 pro
1035 2176 1179 2248 5A—3
1190 2176 1237 2265 A,
1256 2176 1348 2250 duas

301 2287 390 2363 facit
417 2290 561 2386 regulas
589 2313 635 2362 ex
661 2314 760 2371 una;
797 2290 962 2379 alteram,
990 2289 1054 2363 ubi
1080 2289 1185 2384 signa
1214 2288 1349 2364 similia

301 2413 398 2491 sunt,
417 2403 573 2475 alteram
597 2403 661 2475 ubi
687 2403 888 2493 dissimilia,
915 2403 1079 2500 regulam
1104 2401 1275 2497 magistri
1291 2403 1347 2476 sui

301 2515 610 2611 elegantissimam
625 2538 699 2587 non
715 2517 924 2589 necessario
939 2537 1177 2611 corrumpens
1193 2546 1203 2599 ;
1230 2513 1348 2588 idem-

301 2652 372 2724 que
390 2629 479 2701 facit
496 2628 596 2701 circa
612 2627 777 2722 regulam
795 2628 1059 2702 subductionis.

350 2740 399 2812 Β.
426 2739 583 2814 Videtur
601 2740 691 2813 mihi
716 2741 755 2813 in
781 2741 852 2815 hoc
878 2742 998 2838 capite
1025 2740 1158 2813 docere
1176 2740 1347 2814 debuisse

302 2848 498 2942 wallisius,
530 2878 604 2950 quo
638 2867 748 2951 pacto
775 2856 920 2928 numeri
951 2854 1027 2928 dati
1057 2853 1163 2927 radix
1193 2854 1349 2927 alterius

299 2966 443 3038 numeri
462 2966 538 3042 dati
556 2967 671 3041 radici
689 2969 983 3043 commodissime
1001 2967 1171 3041 addenda
1184 2968 1243 3041 vel
1261 2968 1348 3042 sub-

300 3078 468 3152 ducenda
485 3081 544 3154 sit.

350 3192 399 3266 A.
426 3194 580 3269 Additio
598 3196 764 3270 radicum
792 3193 1087 3268 commodissima
1112 3218 1187 3267 non
1206 3196 1250 3269 fit
1268 3195 1346 3268 sine

299 3307 623 3403 multiplicatione3
651 3309 907 3406 multiplicatio
931 3317 1055 3381 autem
1072 3307 1169 3380 infra
1185 3308 1346 3382 traditur

300 3420 429 3516 Capite
448 3421 592 3497 decimo
611 3436 757 3497 octavu.

350 3537 399 3611 B.
427 3539 527 3612 Istuc
545 3564 634 3636 ergo
652 3564 790 3614 eamus.

348 3650 397 3723 Α.
425 3651 508 3724 Duo
526 3652 639 3748 igitur
657 3653 779 3748 capita
796 3653 941 3747 integra
956 3652 1310 3746 praetermittemus?

350 3762 398 3834 Β.
427 3763 501 3836 Sed
517 3787 776 3860 percurramus
793 3764 935 3837 leviter.

348 3876 398 3950 Α.
424 3876 567 3950 Titulus
578 3878 717 3974 Capitis
737 3878 870 3951 decimi
884 3879 978 3950 sexti
992 3890 1049 3951 est
1059 3876 1121 3950 De
1133 3877 1344 3951 additionis

296 3999 334 4062 et
356 3988 605 4063 subductionis
625 3991 862 4090 probatione.
915 3991 984 4063 Per
1003 3989 1264 4089 probationem
1288 3991 1343 4063 in-

297 4102 429 4197 telligit
447 4102 804 4178 demonstrationem.

349 4214 398 4286 B.
426 4216 604 4288 Minime:
640 4242 726 4290 nam
756 4240 875 4312 neque
903 4216 1020 4289 additi
1047 4215 1340 4304 subductionem,

297 4327 512 4412 additionis;
531 4353 651 4425 neque
665 4328 802 4403 residui
815 4327 1053 4417 additionem,
1068 4328 1339 4413 subductionis;
