2946 5010
333 411 405 480 306
613 427 890 481 rnonnnrrnrn
909 427 1101 481 nursica,

145 611 288 715 Q
333 594 581 669 descensionis
599 597 754 670 aliorum
777 621 972 694 corporum
998 597 1105 671 facile
1129 592 1371 668 demonstrari

135 747 291 808 mm
332 719 464 804 potest.
516 710 613 783 Nam
641 712 779 805 rejecto
806 735 902 799 aere,
920 735 1066 784 necesse
1084 722 1142 782 est
1163 709 1215 798 (in
1232 705 1370 779 mundo

330 821 456 918 pleno)
475 838 519 894 ut
541 823 580 897 in
609 825 738 919 rejecti
765 824 886 897 locum
904 848 947 898 eu
964 823 1164 897 succedant
1181 846 1263 918 quae
1280 820 1372 892 diffi-

329 935 434 1008 cilius
451 936 676 1031 rejiciuntur.

380 1048 430 1122 A.
455 1048 592 1121 Verum
617 1049 806 1145 supposito
834 1049 873 1121 in
900 1049 1096 1144 prasentia
1112 1071 1268 1120 vacuum
1295 1069 1369 1118 non

328 1184 418 1248 esse,
439 1163 539 1252 (nam
557 1162 797 1256 quaestiouem
815 1162 915 1235 illam
931 1162 970 1234 in
987 1160 1087 1234 aliud
1104 1174 1248 1256 tempus
1266 1158 1369 1232 diffe-

328 1274 439 1359 ram),
454 1273 518 1369 qui
537 1274 614 1346 fieri
631 1285 766 1370 potest,
784 1285 826 1346 ut
843 1284 944 1346 terra
956 1296 1078 1346 aerem
1092 1283 1156 1346 aut
1172 1272 1280 1345 aliam
1292 1295 1369 1344 rem

329 1409 583 1482 quamcunque
600 1410 673 1459 ase
687 1386 857 1483 projiciat
871 1385 884 1457 l

380 1497 428 1572 B.
455 1498 657 1572 Ostendam
684 1500 763 1588 tibi,
781 1498 894 1596 idque
925 1497 1091 1594 exemplo
1115 1497 1223 1569 nimis
1239 1496 1369 1569 famili·

327 1611 394 1684 ari.
446 1612 485 1685 Si
504 1624 660 1709 utraque
687 1636 799 1686 manu
827 1613 969 1709 pelvem
998 1624 1139 1699 tenena,
1157 1610 1195 1682 iu
1218 1634 1290 1706 qua
1320 1609 1368 1682 sit

326 1724 476 1821 paulum
490 1749 608 1822 aquae,
626 1726 727 1799 illam
744 1727 986 1822 circumagas,
1005 1723 1070 1798 sed
1089 1724 1188 1797 intra
1209 1724 1366 1819 spatium

325 1851 504 1934 quantum
522 1852 626 1935 potes
645 1840 849 1927 minimum,
863 1839 1004 1912 videbis
1021 1861 1154 1934 aquam
1170 1860 1236 1932 per
1252 1836 1368 1909 latera

325 1951 441 2047 pelvis
457 1976 649 2048 assurgere
668 1965 705 2025 et
723 1952 861 2026 exilire.
896 1953 952 2025 Ex
969 1975 1042 2049 quo
1054 1949 1288 2023 manifestum
1299 1962 1366 2036 cst,

326 2076 468 2138 motum
481 2090 560 2140 esse
578 2067 773 2163 quendum,
791 2089 857 2162 per
874 2089 985 2163 quem
1003 2062 1041 2137 id
1059 2062 1158 2161 quod
1175 2064 1227 2136 sic
1244 2087 1366 2136 move-

325 2191 387 2251 tur
404 2203 561 2276 corpora
577 2181 647 2254 sibi
665 2180 839 2277 contigua
854 2191 893 2253 et
905 2178 1020 2252 fluida
1035 2202 1058 2251 a
1074 2201 1114 2250 se
1131 2178 1261 2273 rejicit.

375 2291 423 2364 A.
449 2291 577 2367 Talem
606 2304 747 2367 motum
775 2315 854 2368 esse
881 2303 984 2365 certo
1013 2291 1100 2364 scio.
1150 2289 1240 2386 Ejus
1270 2290 1366 2362 enim

324 2406 471 2499 generis
485 2417 541 2479 est
558 2420 678 2480 motus
695 2407 756 2479 ille
772 2430 845 2502 quo
857 2403 1019 2499 agricola
1034 2402 1195 2475 cribrum
1212 2402 1366 2474 circum·

324 2517 400 2611 agit
424 2531 466 2590 ut
489 2518 715 2591 frumentum
745 2515 941 2591 cribrando
975 2527 1119 2612 purget.
1164 2515 1261 2587 Nam
1283 2540 1365 2611 quae

322 2630 447 2723 granis
465 2631 639 2703 frumenti
658 2655 813 2728 corpora
829 2632 1074 2724 heterogeuea
1092 2639 1188 2715 sunt,
1213 2628 1260 2700 ad
1289 2652 1365 2700 me·

323 2741 423 2813 dium
455 2743 566 2814 cribri
594 2756 790 2839 coguntur,
823 2766 939 2837 grana
966 2755 1087 2814 autern
1116 2741 1290 2813 frumenti
1318 2741 1364 2813 ad

323 2854 438 2926 latera
456 2856 682 2951 rejiciuntur.
729 2855 801 2928 Sed
820 2857 976 2949 figuram
995 2865 1113 2926 motus
1135 2879 1242 2949 quem
1261 2854 1364 2942 dicis,

322 2968 540 3063 applicatam
560 2968 749 3041 videamus
767 2968 814 3041 ad
838 2980 998 3041 terram:
1031 2979 1071 3040 ut
1095 2980 1235 3039 motum
1263 2967 1365 3038 illum

321 3081 360 3152 in
377 3106 540 3154 convexo
559 3082 724 3178 sphaerae,
743 3105 817 3154 non
845 3082 882 3153 iu
900 3081 1004 3176 pelve
1021 3104 1181 3152 concava
1199 3079 1364 3152 conside-

320 3219 453 3267 remus.

373 3309 421 3381 B.
442 3309 497 3382 Sit
510 3311 667 3382 circulus
681 3334 796 3404 puuc-

320 3422 387 3494 tim
431 3423 649 3520 descriptus
692 3426 794 3518 cujus
927 3434 963 3480 κ’

322 3548 488 3609 centrum
501 3539 545 3610 Α.
579 3538 795 3611 lutrahunc
852 3558 885 3645 s
1002 3622 1004 3627 X

320 3653 395 3721 sint
440 3665 514 3723 tres
554 3652 680 3724 circuli
727 3651 795 3722 mi·
830 3645 852 3733 κ’

320 3784 441 3850 nores,
459 3765 499 3851 B,
515 3764 622 3850 C,D:
650 3764 794 3858 quicir-
817 3733 832 3832 i

812 3833 820 3910 l

320 3874 392 3945 culi
411 3875 578 3948 tellurem
593 3900 818 3998 repraesen-p
981 3951 1004 4013 e„
1051 3896 1064 3927 Α

321 3996 402 4059 tent
428 3989 686 4083 procedentem
715 4015 737 4062 a
762 3991 791 4060 B
814 3999 827 4088 l

319 4099 365 4169 ad
385 4102 425 4187 C,
441 4114 478 4173 ct
496 4102 621 4174 aCad
638 4103 682 4190 D,
698 4076 815 4176 seru-k

318 4235 383 4305 per
424 4226 636 4309 tangentem
674 4217 791 4288 circu·

316 4324 391 4396 luru
422 4327 522 4399 illurn
554 4329 698 4424 punctis
726 4328 789 4401 dc·
