<?xml version="1.0" encoding="UTF-8"?>
<!DOCTYPE html PUBLIC "-//W3C//DTD XHTML 1.0 Transitional//EN"
    "http://www.w3.org/TR/xhtml1/DTD/xhtml1-transitional.dtd">
<html xmlns="http://www.w3.org/1999/xhtml" xml:lang="en" lang="en">
 <head>
  <title>
</title>
<meta http-equiv="Content-Type" content="text/html;charset=utf-8" />
  <meta name='ocr-system' content='tesseract 3.04.00' />
  <meta name='ocr-capabilities' content='ocr_page ocr_carea ocr_par ocr_line ocrx_word'/>
</head>
<body>
  <div class='ocr_page' id='page_1' title='image "./thomhobbesmalme01hobbgoog_0324.png"; bbox 0 0 2946 5010; ppageno 0'>
   <div class='ocr_carea' id='block_1_1' title="bbox 432 405 1193 473">
    <p class='ocr_par' dir='ltr' id='par_1_1' title="bbox 432 405 1193 473">
     <span class='ocr_line' id='line_1_1' title="bbox 432 405 1193 473; baseline 0 -2"><span class='ocrx_word' id='word_1_1' title='bbox 432 419 712 473; x_wconf 76' lang='lat' dir='ltr'>ruosnnmnrn</span> <span class='ocrx_word' id='word_1_2' title='bbox 731 419 925 473; x_wconf 81' lang='lat' dir='ltr'>rnrsrcn.</span> <span class='ocrx_word' id='word_1_3' title='bbox 1120 405 1193 472; x_wconf 83' lang='lat'>313</span> 
     </span>
    </p>
   </div>
   <div class='ocr_carea' id='block_1_2' title="bbox 585 809 765 884">
    <p class='ocr_par' dir='ltr' id='par_1_2' title="bbox 585 809 765 884">
     <span class='ocr_line' id='line_1_2' title="bbox 585 809 765 884; baseline -0.011 0"><span class='ocrx_word' id='word_1_4' title='bbox 585 810 689 884; x_wconf 87' lang='lat' dir='ltr'><strong>CAP.</strong></span> <span class='ocrx_word' id='word_1_5' title='bbox 717 809 765 882; x_wconf 92' lang='lat' dir='ltr'>ll.</span> 
     </span>
    </p>
   </div>
   <div class='ocr_carea' id='block_1_3' title="bbox 298 1006 1051 1060">
    <p class='ocr_par' dir='ltr' id='par_1_3' title="bbox 298 1006 1051 1060">
     <span class='ocr_line' id='line_1_3' title="bbox 298 1006 1051 1060; baseline -0.003 -2"><span class='ocrx_word' id='word_1_6' title='bbox 298 1007 575 1060; x_wconf 77' lang='lat' dir='ltr'><strong>PROBLEMATA</strong></span> <span class='ocrx_word' id='word_1_7' title='bbox 594 1009 648 1060; x_wconf 85' lang='lat' dir='ltr'>DE</span> <span class='ocrx_word' id='word_1_8' title='bbox 668 1007 847 1060; x_wconf 80' lang='lat' dir='ltr'>AESTIBUS</span> <span class='ocrx_word' id='word_1_9' title='bbox 867 1006 1051 1058; x_wconf 81' lang='lat' dir='ltr'>MARINIS.</span> 
     </span>
    </p>
   </div>
   <div class='ocr_carea' id='block_1_4' title="bbox 152 1146 1197 4298">
    <p class='ocr_par' dir='ltr' id='par_1_4' title="bbox 160 1146 1196 1353">
     <span class='ocr_line' id='line_1_4' title="bbox 207 1146 1196 1246; baseline 0.004 -29"><span class='ocrx_word' id='word_1_10' title='bbox 207 1146 252 1221; x_wconf 83' lang='grc' dir='ltr'>Α.</span> <span class='ocrx_word' id='word_1_11' title='bbox 281 1148 382 1223; x_wconf 76' lang='lat' dir='ltr'>Qum</span> <span class='ocrx_word' id='word_1_12' title='bbox 398 1173 508 1222; x_wconf 88' lang='lat' dir='ltr'>cansa</span> <span class='ocrx_word' id='word_1_13' title='bbox 526 1149 697 1246; x_wconf 89' lang='lat' dir='ltr'>estquod</span> <span class='ocrx_word' id='word_1_14' title='bbox 715 1148 762 1222; x_wconf 85' lang='lat' dir='ltr'>ad</span> <span class='ocrx_word' id='word_1_15' title='bbox 775 1148 873 1221; x_wconf 89' lang='lat' dir='ltr'>idem</span> <span class='ocrx_word' id='word_1_16' title='bbox 890 1147 993 1221; x_wconf 89' lang='lat' dir='ltr'>littus</span> <span class='ocrx_word' id='word_1_17' title='bbox 1011 1146 1147 1236; x_wconf 88' lang='lat' dir='ltr'>affluat,</span> <span class='ocrx_word' id='word_1_18' title='bbox 1158 1157 1196 1221; x_wconf 94' lang='lat' dir='ltr'>et</span> 
     </span>
     <span class='ocr_line' id='line_1_5' title="bbox 160 1259 1127 1353; baseline -0.002 -19"><span class='ocrx_word' id='word_1_19' title='bbox 160 1260 244 1335; x_wconf 91' lang='lat' dir='ltr'>inde</span> <span class='ocrx_word' id='word_1_20' title='bbox 261 1285 387 1334; x_wconf 90' lang='lat' dir='ltr'>rursus</span> <span class='ocrx_word' id='word_1_21' title='bbox 402 1263 545 1353; x_wconf 86' lang='lat' dir='ltr'>refluat,</span> <span class='ocrx_word' id='word_1_22' title='bbox 563 1286 721 1336; x_wconf 89' lang='lat' dir='ltr'>oceanus</span> <span class='ocrx_word' id='word_1_23' title='bbox 738 1260 849 1334; x_wconf 90' lang='lat' dir='ltr'>bisin</span> <span class='ocrx_word' id='word_1_24' title='bbox 869 1260 928 1333; x_wconf 92' lang='lat' dir='ltr'>die</span> <span class='ocrx_word' id='word_1_25' title='bbox 945 1259 1127 1333; x_wconf 85' lang='lat' dir='ltr'>naturali?</span> 
     </span>
    </p>

    <p class='ocr_par' dir='ltr' id='par_1_5' title="bbox 153 1372 1197 2599">
     <span class='ocr_line' id='line_1_6' title="bbox 208 1372 1196 1471; baseline -0.003 -23"><span class='ocrx_word' id='word_1_26' title='bbox 208 1376 257 1448; x_wconf 91' lang='lat' dir='ltr'>B.</span> <span class='ocrx_word' id='word_1_27' title='bbox 285 1375 527 1448; x_wconf 89' lang='lat' dir='ltr'>Redeundum</span> <span class='ocrx_word' id='word_1_28' title='bbox 555 1388 611 1450; x_wconf 88' lang='lat' dir='ltr'>est</span> <span class='ocrx_word' id='word_1_29' title='bbox 638 1376 685 1449; x_wconf 92' lang='lat' dir='ltr'>ad</span> <span class='ocrx_word' id='word_1_30' title='bbox 708 1375 872 1471; x_wconf 80' lang='lat' dir='ltr'>pelvem3</span> <span class='ocrx_word' id='word_1_31' title='bbox 907 1373 945 1446; x_wconf 93' lang='lat' dir='ltr'>in</span> <span class='ocrx_word' id='word_1_32' title='bbox 974 1396 1046 1470; x_wconf 89' lang='lat' dir='ltr'>qua</span> <span class='ocrx_word' id='word_1_33' title='bbox 1071 1372 1196 1446; x_wconf 86' lang='lat' dir='ltr'>vidisti</span> 
     </span>
     <span class='ocr_line' id='line_1_7' title="bbox 156 1486 1197 1586; baseline -0.001 -27"><span class='ocrx_word' id='word_1_34' title='bbox 156 1486 278 1576; x_wconf 87' lang='lat' dir='ltr'>modo,</span> <span class='ocrx_word' id='word_1_35' title='bbox 294 1500 335 1560; x_wconf 92' lang='lat' dir='ltr'>ut</span> <span class='ocrx_word' id='word_1_36' title='bbox 353 1513 419 1584; x_wconf 91' lang='lat' dir='ltr'>per</span> <span class='ocrx_word' id='word_1_37' title='bbox 436 1489 553 1562; x_wconf 87' lang='lat' dir='ltr'>latera</span> <span class='ocrx_word' id='word_1_38' title='bbox 570 1492 660 1586; x_wconf 88' lang='lat' dir='ltr'>ejus,</span> <span class='ocrx_word' id='word_1_39' title='bbox 679 1513 763 1562; x_wconf 91' lang='lat' dir='ltr'>cum</span> <span class='ocrx_word' id='word_1_40' title='bbox 779 1500 1001 1575; x_wconf 87' lang='lat' dir='ltr'>moveretur,</span> <span class='ocrx_word' id='word_1_41' title='bbox 1016 1511 1110 1582; x_wconf 87' lang='lat' dir='ltr'>aqua</span> <span class='ocrx_word' id='word_1_42' title='bbox 1128 1487 1197 1559; x_wconf 94' lang='lat' dir='ltr'>cir·</span> 
     </span>
     <span class='ocr_line' id='line_1_8' title="bbox 156 1599 1196 1697; baseline 0.001 -25"><span class='ocrx_word' id='word_1_43' title='bbox 156 1599 321 1674; x_wconf 91' lang='lat' dir='ltr'>cumibat</span> <span class='ocrx_word' id='word_1_44' title='bbox 339 1602 446 1673; x_wconf 90' lang='lat' dir='ltr'>simul</span> <span class='ocrx_word' id='word_1_45' title='bbox 465 1615 503 1674; x_wconf 90' lang='lat' dir='ltr'>et</span> <span class='ocrx_word' id='word_1_46' title='bbox 532 1602 764 1676; x_wconf 82' lang='lat' dir='ltr'><strong>ascendebat.</strong></span> <span class='ocrx_word' id='word_1_47' title='bbox 818 1601 952 1697; x_wconf 87' lang='lat' dir='ltr'>Cogita</span> <span class='ocrx_word' id='word_1_48' title='bbox 978 1624 1076 1674; x_wconf 90' lang='lat' dir='ltr'>nunc</span> <span class='ocrx_word' id='word_1_49' title='bbox 1105 1599 1196 1696; x_wconf 91' lang='lat' dir='ltr'>quid</span> 
     </span>
     <span class='ocr_line' id='line_1_9' title="bbox 156 1712 1195 1811; baseline 0 -26"><span class='ocrx_word' id='word_1_50' title='bbox 156 1713 330 1803; x_wconf 90' lang='lat' dir='ltr'>eveniret,</span> <span class='ocrx_word' id='word_1_51' title='bbox 359 1714 389 1786; x_wconf 90' lang='lat' dir='ltr'>si</span> <span class='ocrx_word' id='word_1_52' title='bbox 418 1738 440 1786; x_wconf 90' lang='lat' dir='ltr'>a</span> <span class='ocrx_word' id='word_1_53' title='bbox 465 1715 577 1788; x_wconf 90' lang='lat' dir='ltr'>labris</span> <span class='ocrx_word' id='word_1_54' title='bbox 610 1715 760 1788; x_wconf 90' lang='lat' dir='ltr'>summis</span> <span class='ocrx_word' id='word_1_55' title='bbox 794 1715 909 1811; x_wconf 89' lang='lat' dir='ltr'>pelvis</span> <span class='ocrx_word' id='word_1_56' title='bbox 943 1737 1009 1810; x_wconf 93' lang='lat' dir='ltr'>per</span> <span class='ocrx_word' id='word_1_57' title='bbox 1038 1712 1195 1786; x_wconf 87' lang='lat' dir='ltr'>fundum</span> 
     </span>
     <span class='ocr_line' id='line_1_10' title="bbox 154 1826 1194 1924; baseline 0.001 -25"><span class='ocrx_word' id='word_1_58' title='bbox 154 1826 333 1900; x_wconf 89' lang='lat' dir='ltr'>transiens</span> <span class='ocrx_word' id='word_1_59' title='bbox 347 1828 475 1901; x_wconf 87' lang='lat' dir='ltr'>affixus</span> <span class='ocrx_word' id='word_1_60' title='bbox 493 1841 589 1901; x_wconf 92' lang='lat' dir='ltr'>esset</span> <span class='ocrx_word' id='word_1_61' title='bbox 606 1830 712 1917; x_wconf 87' lang='lat' dir='ltr'>obex,</span> <span class='ocrx_word' id='word_1_62' title='bbox 731 1828 794 1924; x_wconf 91' lang='lat' dir='ltr'>qui</span> <span class='ocrx_word' id='word_1_63' title='bbox 812 1827 1070 1901; x_wconf 87' lang='lat' dir='ltr'>circumeuntis</span> <span class='ocrx_word' id='word_1_64' title='bbox 1087 1850 1194 1922; x_wconf 87' lang='lat' dir='ltr'>aquae</span> 
     </span>
     <span class='ocr_line' id='line_1_11' title="bbox 155 1939 1193 2037; baseline 0.002 -27"><span class='ocrx_word' id='word_1_65' title='bbox 155 1963 301 2011; x_wconf 88' lang='lat' dir='ltr'>cursum</span> <span class='ocrx_word' id='word_1_66' title='bbox 315 1941 522 2037; x_wconf 89' lang='lat' dir='ltr'>impediret.</span> <span class='ocrx_word' id='word_1_67' title='bbox 574 1942 708 2015; x_wconf 87' lang='lat' dir='ltr'>Nonne</span> <span class='ocrx_word' id='word_1_68' title='bbox 726 1966 821 2037; x_wconf 90' lang='lat' dir='ltr'>aqua</span> <span class='ocrx_word' id='word_1_69' title='bbox 837 1964 922 2013; x_wconf 94' lang='lat' dir='ltr'>cum</span> <span class='ocrx_word' id='word_1_70' title='bbox 938 1940 977 2012; x_wconf 93' lang='lat' dir='ltr'>in</span> <span class='ocrx_word' id='word_1_71' title='bbox 995 1939 1096 2011; x_wconf 93' lang='lat' dir='ltr'>illum</span> <span class='ocrx_word' id='word_1_72' title='bbox 1115 1940 1193 2012; x_wconf 91' lang='lat' dir='ltr'>obi-</span> 
     </span>
     <span class='ocr_line' id='line_1_12' title="bbox 155 2049 1191 2148; baseline -0.001 -25"><span class='ocrx_word' id='word_1_73' title='bbox 155 2075 234 2124; x_wconf 87' lang='lat' dir='ltr'>cem</span> <span class='ocrx_word' id='word_1_74' title='bbox 252 2052 483 2148; x_wconf 86' lang='lat' dir='ltr'><strong>impingeret,</strong></span> <span class='ocrx_word' id='word_1_75' title='bbox 501 2064 746 2128; x_wconf 84' lang='lat' dir='ltr'>reverteretur</span> <span class='ocrx_word' id='word_1_76' title='bbox 767 2052 958 2127; x_wconf 86' lang='lat' dir='ltr'>subsidens</span> <span class='ocrx_word' id='word_1_77' title='bbox 982 2049 1191 2148; x_wconf 81' lang='lat' dir='ltr'>gradatim?</span> 
     </span>
     <span class='ocr_line' id='line_1_13' title="bbox 155 2163 1193 2262; baseline -0.001 -26"><span class='ocrx_word' id='word_1_78' title='bbox 155 2164 287 2237; x_wconf 91' lang='lat' dir='ltr'>Nonne</span> <span class='ocrx_word' id='word_1_79' title='bbox 305 2177 341 2237; x_wconf 92' lang='lat' dir='ltr'>et</span> <span class='ocrx_word' id='word_1_80' title='bbox 354 2164 452 2238; x_wconf 89' lang='lat' dir='ltr'>idem</span> <span class='ocrx_word' id='word_1_81' title='bbox 471 2167 703 2262; x_wconf 86' lang='lat' dir='ltr'>contingeret</span> <span class='ocrx_word' id='word_1_82' title='bbox 720 2168 832 2239; x_wconf 91' lang='lat' dir='ltr'>etiam</span> <span class='ocrx_word' id='word_1_83' title='bbox 855 2165 903 2239; x_wconf 92' lang='lat' dir='ltr'>ad</span> <span class='ocrx_word' id='word_1_84' title='bbox 929 2163 1082 2238; x_wconf 86' lang='lat' dir='ltr'>alteram</span> <span class='ocrx_word' id='word_1_85' title='bbox 1109 2187 1193 2259; x_wconf 87' lang='lat' dir='ltr'>par-</span> 
     </span>
     <span class='ocr_line' id='line_1_14' title="bbox 153 2275 1191 2375; baseline -0.002 -25"><span class='ocrx_word' id='word_1_86' title='bbox 153 2289 229 2350; x_wconf 92' lang='lat' dir='ltr'>tem</span> <span class='ocrx_word' id='word_1_87' title='bbox 247 2278 372 2366; x_wconf 90' lang='lat' dir='ltr'>obicis,</span> <span class='ocrx_word' id='word_1_88' title='bbox 387 2301 596 2374; x_wconf 84' lang='lat' dir='ltr'>quanquam</span> <span class='ocrx_word' id='word_1_89' title='bbox 610 2303 685 2351; x_wconf 93' lang='lat' dir='ltr'>non</span> <span class='ocrx_word' id='word_1_90' title='bbox 702 2277 833 2352; x_wconf 88' lang='lat' dir='ltr'>eodem</span> <span class='ocrx_word' id='word_1_91' title='bbox 845 2275 1038 2375; x_wconf 78' lang='lat' dir='ltr'>tempore?</span> <span class='ocrx_word' id='word_1_92' title='bbox 1082 2275 1191 2352; x_wconf 78' lang='lat' dir='ltr'>Quod</span> 
     </span>
     <span class='ocr_line' id='line_1_15' title="bbox 155 2391 1192 2486; baseline 0 -23"><span class='ocrx_word' id='word_1_93' title='bbox 155 2414 238 2463; x_wconf 93' lang='lat' dir='ltr'>cum</span> <span class='ocrx_word' id='word_1_94' title='bbox 256 2391 332 2478; x_wconf 89' lang='lat' dir='ltr'>fiat,</span> <span class='ocrx_word' id='word_1_95' title='bbox 350 2391 595 2463; x_wconf 90' lang='lat' dir='ltr'>necessarium</span> <span class='ocrx_word' id='word_1_96' title='bbox 613 2402 679 2478; x_wconf 89' lang='lat' dir='ltr'>est,</span> <span class='ocrx_word' id='word_1_97' title='bbox 696 2403 738 2464; x_wconf 90' lang='lat' dir='ltr'>ut</span> <span class='ocrx_word' id='word_1_98' title='bbox 762 2391 801 2464; x_wconf 91' lang='lat' dir='ltr'>in</span> <span class='ocrx_word' id='word_1_99' title='bbox 826 2391 924 2464; x_wconf 93' lang='lat' dir='ltr'>omni</span> <span class='ocrx_word' id='word_1_100' title='bbox 949 2400 1070 2462; x_wconf 91' lang='lat' dir='ltr'>motus</span> <span class='ocrx_word' id='word_1_101' title='bbox 1087 2413 1192 2486; x_wconf 86' lang='lat' dir='ltr'>aquae</span> 
     </span>
     <span class='ocr_line' id='line_1_16' title="bbox 153 2502 1134 2599; baseline -0.002 -23"><span class='ocrx_word' id='word_1_102' title='bbox 153 2502 305 2599; x_wconf 89' lang='lat' dir='ltr'>periodo</span> <span class='ocrx_word' id='word_1_103' title='bbox 323 2526 418 2598; x_wconf 87' lang='lat' dir='ltr'>aqua</span> <span class='ocrx_word' id='word_1_104' title='bbox 434 2504 598 2576; x_wconf 86' lang='lat' dir='ltr'>elevetur</span> <span class='ocrx_word' id='word_1_105' title='bbox 612 2515 650 2576; x_wconf 94' lang='lat' dir='ltr'>et</span> <span class='ocrx_word' id='word_1_106' title='bbox 667 2502 832 2577; x_wconf 87' lang='lat' dir='ltr'>subsidat</span> <span class='ocrx_word' id='word_1_107' title='bbox 845 2502 893 2576; x_wconf 87' lang='lat' dir='ltr'>ad</span> <span class='ocrx_word' id='word_1_108' title='bbox 910 2502 1008 2576; x_wconf 91' lang='lat' dir='ltr'>idem</span> <span class='ocrx_word' id='word_1_109' title='bbox 1025 2502 1134 2575; x_wconf 90' lang='lat' dir='ltr'>latus.</span> 
     </span>
    </p>

    <p class='ocr_par' dir='ltr' id='par_1_6' title="bbox 152 2615 1194 2825">
     <span class='ocr_line' id='line_1_17' title="bbox 204 2615 1194 2712; baseline -0.002 -24"><span class='ocrx_word' id='word_1_110' title='bbox 204 2616 252 2688; x_wconf 77' lang='lat' dir='ltr'>A.</span> <span class='ocrx_word' id='word_1_111' title='bbox 282 2615 355 2689; x_wconf 90' lang='lat' dir='ltr'>Sed</span> <span class='ocrx_word' id='word_1_112' title='bbox 379 2640 485 2712; x_wconf 89' lang='lat' dir='ltr'>quem</span> <span class='ocrx_word' id='word_1_113' title='bbox 514 2617 552 2689; x_wconf 91' lang='lat' dir='ltr'>in</span> <span class='ocrx_word' id='word_1_114' title='bbox 580 2641 716 2690; x_wconf 90' lang='lat' dir='ltr'>oceano</span> <span class='ocrx_word' id='word_1_115' title='bbox 741 2617 884 2690; x_wconf 86' lang='lat' dir='ltr'>obicem</span> <span class='ocrx_word' id='word_1_116' title='bbox 907 2615 1009 2689; x_wconf 89' lang='lat' dir='ltr'>vides</span> <span class='ocrx_word' id='word_1_117' title='bbox 1037 2615 1194 2689; x_wconf 85' lang='lat' dir='ltr'>similem</span> 
     </span>
     <span class='ocr_line' id='line_1_18' title="bbox 152 2728 678 2825; baseline 0.004 -25"><span class='ocrx_word' id='word_1_118' title='bbox 152 2728 206 2801; x_wconf 88' lang='lat' dir='ltr'>illi</span> <span class='ocrx_word' id='word_1_119' title='bbox 223 2753 331 2825; x_wconf 89' lang='lat' dir='ltr'>quem</span> <span class='ocrx_word' id='word_1_120' title='bbox 349 2729 387 2800; x_wconf 94' lang='lat' dir='ltr'>in</span> <span class='ocrx_word' id='word_1_121' title='bbox 405 2729 508 2825; x_wconf 90' lang='lat' dir='ltr'>pelve</span> <span class='ocrx_word' id='word_1_122' title='bbox 522 2730 678 2803; x_wconf 82' lang='lat' dir='ltr'>statuis?</span> 
     </span>
    </p>

    <p class='ocr_par' dir='ltr' id='par_1_7' title="bbox 152 2842 1195 4298">
     <span class='ocr_line' id='line_1_19' title="bbox 205 2842 1194 2940; baseline 0 -25"><span class='ocrx_word' id='word_1_123' title='bbox 205 2843 254 2915; x_wconf 91' lang='lat' dir='ltr'>B.</span> <span class='ocrx_word' id='word_1_124' title='bbox 282 2842 401 2914; x_wconf 86' lang='lat' dir='ltr'>Situm</span> <span class='ocrx_word' id='word_1_125' title='bbox 420 2843 548 2915; x_wconf 90' lang='lat' dir='ltr'>oceani</span> <span class='ocrx_word' id='word_1_126' title='bbox 566 2843 690 2939; x_wconf 87' lang='lat' dir='ltr'>magni</span> <span class='ocrx_word' id='word_1_127' title='bbox 708 2843 804 2916; x_wconf 89' lang='lat' dir='ltr'>nosti</span> <span class='ocrx_word' id='word_1_128' title='bbox 821 2867 867 2916; x_wconf 84' lang='lat' dir='ltr'>ex</span> <span class='ocrx_word' id='word_1_129' title='bbox 889 2844 1022 2917; x_wconf 87' lang='lat' dir='ltr'>tabulis</span> <span class='ocrx_word' id='word_1_130' title='bbox 1039 2865 1194 2940; x_wconf 82' lang='lat' dir='ltr'>geogra-</span> 
     </span>
     <span class='ocr_line' id='line_1_20' title="bbox 154 2955 1193 3051; baseline 0.001 -24"><span class='ocrx_word' id='word_1_131' title='bbox 154 2955 281 3051; x_wconf 77' lang='lat' dir='ltr'>plicis,</span> <span class='ocrx_word' id='word_1_132' title='bbox 299 2966 341 3027; x_wconf 94' lang='lat' dir='ltr'>ut</span> <span class='ocrx_word' id='word_1_133' title='bbox 357 2955 454 3027; x_wconf 90' lang='lat' dir='ltr'>inter</span> <span class='ocrx_word' id='word_1_134' title='bbox 469 2955 648 3028; x_wconf 90' lang='lat' dir='ltr'>orientem</span> <span class='ocrx_word' id='word_1_135' title='bbox 660 2969 697 3029; x_wconf 92' lang='lat' dir='ltr'>et</span> <span class='ocrx_word' id='word_1_136' title='bbox 715 2956 945 3030; x_wconf 89' lang='lat' dir='ltr'>occidentem</span> <span class='ocrx_word' id='word_1_137' title='bbox 955 2956 1193 3030; x_wconf 81' lang='lat' dir='ltr'>extendatur:</span> 
     </span>
     <span class='ocr_line' id='line_1_21' title="bbox 153 3068 1193 3164; baseline 0.004 -25"><span class='ocrx_word' id='word_1_138' title='bbox 153 3069 286 3164; x_wconf 88' lang='lat' dir='ltr'>primo,</span> <span class='ocrx_word' id='word_1_139' title='bbox 314 3069 359 3140; x_wconf 90' lang='lat' dir='ltr'>ab</span> <span class='ocrx_word' id='word_1_140' title='bbox 388 3068 495 3140; x_wconf 86' lang='lat' dir='ltr'>India</span> <span class='ocrx_word' id='word_1_141' title='bbox 518 3069 565 3140; x_wconf 93' lang='lat' dir='ltr'>ad</span> <span class='ocrx_word' id='word_1_142' title='bbox 587 3081 730 3164; x_wconf 92' lang='lat' dir='ltr'>partem</span> <span class='ocrx_word' id='word_1_143' title='bbox 763 3070 961 3143; x_wconf 89' lang='lat' dir='ltr'>australem</span> <span class='ocrx_word' id='word_1_144' title='bbox 990 3070 1193 3154; x_wconf 86' lang='lat' dir='ltr'>Americae;</span> 
     </span>
     <span class='ocr_line' id='line_1_22' title="bbox 155 3181 1195 3276; baseline 0 -23"><span class='ocrx_word' id='word_1_145' title='bbox 155 3181 299 3270; x_wconf 89' lang='lat' dir='ltr'>deinde,</span> <span class='ocrx_word' id='word_1_146' title='bbox 318 3206 363 3254; x_wconf 88' lang='lat' dir='ltr'>ex</span> <span class='ocrx_word' id='word_1_147' title='bbox 381 3182 497 3253; x_wconf 90' lang='lat' dir='ltr'>altera</span> <span class='ocrx_word' id='word_1_148' title='bbox 513 3196 618 3276; x_wconf 89' lang='lat' dir='ltr'>parte</span> <span class='ocrx_word' id='word_1_149' title='bbox 636 3181 816 3256; x_wconf 85' lang='lat' dir='ltr'>Americae</span> <span class='ocrx_word' id='word_1_150' title='bbox 839 3183 887 3255; x_wconf 94' lang='lat' dir='ltr'>ad</span> <span class='ocrx_word' id='word_1_151' title='bbox 913 3181 1067 3256; x_wconf 88' lang='lat' dir='ltr'>Indiam.</span> <span class='ocrx_word' id='word_1_152' title='bbox 1119 3181 1195 3254; x_wconf 85' lang='lat' dir='ltr'>Ite-</span> 
     </span>
     <span class='ocr_line' id='line_1_23' title="bbox 155 3295 1195 3391; baseline -0.002 -24"><span class='ocrx_word' id='word_1_153' title='bbox 155 3319 225 3390; x_wconf 88' lang='lat' dir='ltr'>que</span> <span class='ocrx_word' id='word_1_154' title='bbox 243 3296 274 3368; x_wconf 90' lang='lat' dir='ltr'>si</span> <span class='ocrx_word' id='word_1_155' title='bbox 287 3307 386 3368; x_wconf 87' lang='lat' dir='ltr'>terra</span> <span class='ocrx_word' id='word_1_156' title='bbox 400 3305 540 3367; x_wconf 89' lang='lat' dir='ltr'>motum</span> <span class='ocrx_word' id='word_1_157' title='bbox 554 3295 687 3368; x_wconf 90' lang='lat' dir='ltr'>habeat</span> <span class='ocrx_word' id='word_1_158' title='bbox 707 3296 850 3391; x_wconf 87' lang='lat' dir='ltr'>qualem</span> <span class='ocrx_word' id='word_1_159' title='bbox 869 3295 1055 3391; x_wconf 86' lang='lat' dir='ltr'>supposui,</span> <span class='ocrx_word' id='word_1_160' title='bbox 1066 3316 1195 3366; x_wconf 88' lang='lat' dir='ltr'>nasce·</span> 
     </span>
     <span class='ocr_line' id='line_1_24' title="bbox 155 3411 1193 3507; baseline -0.001 -23"><span class='ocrx_word' id='word_1_161' title='bbox 155 3424 215 3485; x_wconf 89' lang='lat' dir='ltr'>tur</span> <span class='ocrx_word' id='word_1_162' title='bbox 238 3412 325 3485; x_wconf 93' lang='lat' dir='ltr'>inde</span> <span class='ocrx_word' id='word_1_163' title='bbox 351 3435 477 3483; x_wconf 88' lang='lat' dir='ltr'>cursus</span> <span class='ocrx_word' id='word_1_164' title='bbox 503 3435 682 3507; x_wconf 88' lang='lat' dir='ltr'>aquarum</span> <span class='ocrx_word' id='word_1_165' title='bbox 708 3413 835 3485; x_wconf 91' lang='lat' dir='ltr'>oceani</span> <span class='ocrx_word' id='word_1_166' title='bbox 863 3414 907 3486; x_wconf 90' lang='lat' dir='ltr'>ab</span> <span class='ocrx_word' id='word_1_167' title='bbox 936 3411 1043 3484; x_wconf 88' lang='lat' dir='ltr'>India</span> <span class='ocrx_word' id='word_1_168' title='bbox 1065 3433 1193 3483; x_wconf 90' lang='lat' dir='ltr'>versus</span> 
     </span>
     <span class='ocr_line' id='line_1_25' title="bbox 152 3524 1194 3620; baseline -0.002 -23"><span class='ocrx_word' id='word_1_169' title='bbox 152 3525 288 3599; x_wconf 84' lang='lat' dir='ltr'>fretum</span> <span class='ocrx_word' id='word_1_170' title='bbox 306 3524 616 3620; x_wconf 84' lang='lat' dir='ltr'>Magellanioum3</span> <span class='ocrx_word' id='word_1_171' title='bbox 636 3524 735 3620; x_wconf 93' lang='lat' dir='ltr'>quod</span> <span class='ocrx_word' id='word_1_172' title='bbox 751 3525 886 3599; x_wconf 83' lang='lat' dir='ltr'>fretum</span> <span class='ocrx_word' id='word_1_173' title='bbox 903 3525 1037 3598; x_wconf 92' lang='lat' dir='ltr'>molem</span> <span class='ocrx_word' id='word_1_174' title='bbox 1051 3534 1194 3597; x_wconf 87' lang='lat' dir='ltr'>tantam</span> 
     </span>
     <span class='ocr_line' id='line_1_26' title="bbox 155 3635 1195 3735; baseline -0.002 -24"><span class='ocrx_word' id='word_1_175' title='bbox 155 3663 284 3735; x_wconf 89' lang='lat' dir='ltr'>capere</span> <span class='ocrx_word' id='word_1_176' title='bbox 303 3662 377 3710; x_wconf 92' lang='lat' dir='ltr'>non</span> <span class='ocrx_word' id='word_1_177' title='bbox 394 3649 526 3733; x_wconf 90' lang='lat' dir='ltr'>potest.</span> <span class='ocrx_word' id='word_1_178' title='bbox 560 3637 691 3734; x_wconf 88' lang='lat' dir='ltr'>Itaque</span> <span class='ocrx_word' id='word_1_179' title='bbox 709 3639 802 3711; x_wconf 87' lang='lat' dir='ltr'>obex</span> <span class='ocrx_word' id='word_1_180' title='bbox 820 3639 881 3734; x_wconf 92' lang='lat' dir='ltr'>qui</span> <span class='ocrx_word' id='word_1_181' title='bbox 900 3662 1048 3711; x_wconf 91' lang='lat' dir='ltr'>cursum</span> <span class='ocrx_word' id='word_1_182' title='bbox 1065 3635 1195 3711; x_wconf 89' lang='lat' dir='ltr'>oceani</span> 
     </span>
     <span class='ocr_line' id='line_1_27' title="bbox 154 3751 1195 3849; baseline -0.001 -27"><span class='ocrx_word' id='word_1_183' title='bbox 154 3751 319 3847; x_wconf 90' lang='lat' dir='ltr'>impedit,</span> <span class='ocrx_word' id='word_1_184' title='bbox 337 3765 374 3823; x_wconf 89' lang='lat' dir='ltr'>et</span> <span class='ocrx_word' id='word_1_185' title='bbox 390 3774 455 3846; x_wconf 89' lang='lat' dir='ltr'>per</span> <span class='ocrx_word' id='word_1_186' title='bbox 470 3751 580 3824; x_wconf 88' lang='lat' dir='ltr'>litora</span> <span class='ocrx_word' id='word_1_187' title='bbox 597 3775 786 3849; x_wconf 84' lang='lat' dir='ltr'>assurgere</span> <span class='ocrx_word' id='word_1_188' title='bbox 800 3764 837 3824; x_wconf 89' lang='lat' dir='ltr'>et</span> <span class='ocrx_word' id='word_1_189' title='bbox 854 3751 1015 3825; x_wconf 91' lang='lat' dir='ltr'>residere</span> <span class='ocrx_word' id='word_1_190' title='bbox 1026 3751 1126 3834; x_wconf 88' lang='lat' dir='ltr'>facit,</span> <span class='ocrx_word' id='word_1_191' title='bbox 1138 3761 1195 3822; x_wconf 90' lang='lat' dir='ltr'>est</span> 
     </span>
     <span class='ocr_line' id='line_1_28' title="bbox 154 3862 1195 3960; baseline -0.002 -23"><span class='ocrx_word' id='word_1_192' title='bbox 154 3888 238 3960; x_wconf 91' lang='lat' dir='ltr'>pars</span> <span class='ocrx_word' id='word_1_193' title='bbox 257 3864 319 3936; x_wconf 85' lang='lat' dir='ltr'>illa</span> <span class='ocrx_word' id='word_1_194' title='bbox 338 3864 516 3936; x_wconf 85' lang='lat' dir='ltr'>Americae</span> <span class='ocrx_word' id='word_1_195' title='bbox 535 3865 717 3938; x_wconf 83' lang='lat' dir='ltr'>Australis</span> <span class='ocrx_word' id='word_1_196' title='bbox 735 3888 816 3960; x_wconf 88' lang='lat' dir='ltr'>quae</span> <span class='ocrx_word' id='word_1_197' title='bbox 834 3864 1080 3960; x_wconf 83' lang='lat' dir='ltr'>Magellanioo</span> <span class='ocrx_word' id='word_1_198' title='bbox 1097 3862 1195 3935; x_wconf 87' lang='lat' dir='ltr'>freto</span> 
     </span>
     <span class='ocr_line' id='line_1_29' title="bbox 154 3976 1194 4072; baseline 0 -24"><span class='ocrx_word' id='word_1_199' title='bbox 154 3978 309 4072; x_wconf 89' lang='lat' dir='ltr'>adjacet.</span> <span class='ocrx_word' id='word_1_200' title='bbox 363 3976 473 4049; x_wconf 79' lang='lat' dir='ltr'>Quod</span> <span class='ocrx_word' id='word_1_201' title='bbox 490 3976 678 4050; x_wconf 85' lang='lat' dir='ltr'>autem&#39;de</span> <span class='ocrx_word' id='word_1_202' title='bbox 705 3977 811 4049; x_wconf 89' lang='lat' dir='ltr'>litore</span> <span class='ocrx_word' id='word_1_203' title='bbox 829 3977 1009 4050; x_wconf 86' lang='lat' dir='ltr'>Americae</span> <span class='ocrx_word' id='word_1_204' title='bbox 1037 3977 1194 4049; x_wconf 91' lang='lat' dir='ltr'>obverso</span> 
     </span>
     <span class='ocr_line' id='line_1_30' title="bbox 155 4088 1195 4186; baseline 0 -25"><span class='ocrx_word' id='word_1_205' title='bbox 155 4089 201 4162; x_wconf 92' lang='lat' dir='ltr'>ad</span> <span class='ocrx_word' id='word_1_206' title='bbox 219 4090 408 4163; x_wconf 89' lang='lat' dir='ltr'>Orientem</span> <span class='ocrx_word' id='word_1_207' title='bbox 426 4088 514 4177; x_wconf 84' lang='lat' dir='ltr'>dixi,</span> <span class='ocrx_word' id='word_1_208' title='bbox 534 4088 811 4186; x_wconf 87' lang='lat' dir='ltr'>intelligendum</span> <span class='ocrx_word' id='word_1_209' title='bbox 828 4090 939 4163; x_wconf 86' lang='lat' dir='ltr'>etiam</span> <span class='ocrx_word' id='word_1_210' title='bbox 957 4101 1013 4162; x_wconf 86' lang='lat' dir='ltr'>est</span> <span class='ocrx_word' id='word_1_211' title='bbox 1029 4088 1075 4162; x_wconf 94' lang='lat' dir='ltr'>de</span> <span class='ocrx_word' id='word_1_212' title='bbox 1088 4088 1195 4162; x_wconf 90' lang='lat' dir='ltr'>litore</span> 
     </span>
     <span class='ocr_line' id='line_1_31' title="bbox 155 4202 1194 4298; baseline 0 -23"><span class='ocrx_word' id='word_1_213' title='bbox 155 4228 292 4276; x_wconf 91' lang='lat' dir='ltr'>averso.</span> <span class='ocrx_word' id='word_1_214' title='bbox 346 4203 508 4298; x_wconf 84' lang='lat' dir='ltr'>Surgens</span> <span class='ocrx_word' id='word_1_215' title='bbox 522 4216 645 4276; x_wconf 90' lang='lat' dir='ltr'>autem</span> <span class='ocrx_word' id='word_1_216' title='bbox 664 4202 710 4275; x_wconf 88' lang='lat' dir='ltr'>ud</span> <span class='ocrx_word' id='word_1_217' title='bbox 727 4203 837 4277; x_wconf 89' lang='lat' dir='ltr'>litora</span> <span class='ocrx_word' id='word_1_218' title='bbox 849 4203 1029 4276; x_wconf 81' lang='lat' dir='ltr'>Americae</span> <span class='ocrx_word' id='word_1_219' title='bbox 1041 4203 1194 4275; x_wconf 84' lang='lat' dir='ltr'>Austra-</span> 
     </span>
    </p>
   </div>
   <div class='ocr_carea' id='block_1_5' title="bbox 1232 1166 1375 1271">
    <p class='ocr_par' dir='ltr' id='par_1_8' title="bbox 1232 1166 1375 1271">
     <span class='ocr_line' id='line_1_32' title="bbox 1246 1166 1362 1208; baseline -0.017 0"><span class='ocrx_word' id='word_1_220' title='bbox 1246 1166 1314 1208; x_wconf 73' lang='lat' dir='ltr'>CAP.</span> <span class='ocrx_word' id='word_1_221' title='bbox 1329 1166 1362 1206; x_wconf 90' lang='lat'>11.</span> 
     </span>
     <span class='ocr_line' id='line_1_33' title="bbox 1232 1234 1375 1271; baseline 0.014 -2"><span class='ocrx_word' id='word_1_222' title='bbox 1232 1234 1375 1271; x_wconf 51' lang='grc' dir='ltr'>κ-γ-ιν</span> 
     </span>
    </p>
   </div>
   <div class='ocr_carea' id='block_1_6' title="bbox 1235 1293 1369 1404">
    <p class='ocr_par' dir='ltr' id='par_1_9' title="bbox 1235 1293 1369 1404">
     <span class='ocr_line' id='line_1_34' title="bbox 1235 1293 1369 1371; baseline -0.007 -33"><span class='ocrx_word' id='word_1_223' title='bbox 1235 1294 1270 1338; x_wconf 69' lang='lat' dir='ltr'>ns</span> <span class='ocrx_word' id='word_1_224' title='bbox 1280 1293 1369 1371; x_wconf 62' lang='lat' dir='ltr'>ustibus</span> 
     </span>
     <span class='ocr_line' id='line_1_35' title="bbox 1235 1371 1332 1404; baseline 0.01 -1"><span class='ocrx_word' id='word_1_225' title='bbox 1235 1371 1332 1404; x_wconf 73' lang='lat' dir='ltr'>mmm}-</span> 
     </span>
    </p>
   </div>
   <div class='ocr_carea' id='block_1_7' title="bbox 154 4314 1251 4404">
    <p class='ocr_par' dir='ltr' id='par_1_10' title="bbox 154 4314 1251 4404">
     <span class='ocr_line' id='line_1_36' title="bbox 154 4314 1251 4404; baseline 0.002 -17"><span class='ocrx_word' id='word_1_226' title='bbox 154 4316 198 4389; x_wconf 92' lang='lat' dir='ltr'>lis</span> <span class='ocrx_word' id='word_1_227' title='bbox 219 4339 389 4404; x_wconf 75' lang='lat' dir='ltr'>oceanuS,</span> <span class='ocrx_word' id='word_1_228' title='bbox 408 4338 518 4388; x_wconf 87' lang='lat' dir='ltr'>causa</span> <span class='ocrx_word' id='word_1_229' title='bbox 546 4326 601 4389; x_wconf 89' lang='lat' dir='ltr'>est</span> <span class='ocrx_word' id='word_1_230' title='bbox 627 4328 782 4389; x_wconf 85' lang='lat' dir='ltr'>aestuum</span> <span class='ocrx_word' id='word_1_231' title='bbox 811 4316 920 4390; x_wconf 89' lang='lat' dir='ltr'>maris</span> <span class='ocrx_word' id='word_1_232' title='bbox 948 4314 1138 4404; x_wconf 85' lang='lat' dir='ltr'>Atlantici,</span> <span class='ocrx_word' id='word_1_233' title='bbox 1157 4326 1195 4389; x_wconf 91' lang='lat' dir='ltr'>et</span> <span class='ocrx_word' id='word_1_234' title='bbox 1245 4347 1251 4357; x_wconf 91' lang='lat'><strong>·</strong></span> 
     </span>
    </p>
   </div>
   <div class='ocr_carea' id='block_1_8' title="bbox 0 0 1478 5010">
    <p class='ocr_par' dir='ltr' id='par_1_11' title="bbox 0 0 1478 5010">
     <span class='ocr_line' id='line_1_37' title="bbox 0 0 1478 5010; baseline 0 0"><span class='ocrx_word' id='word_1_235' title='bbox 0 0 1478 5010; x_wconf 95' lang='lat' dir='ltr'> </span> 
     </span>
    </p>
   </div>
  </div>
 </body>
</html>
