2946 5010
394 450 708 504 narnenmmca
728 453 973 508 montanam.
1128 443 1196 510 185

161 617 233 691 illae
260 617 392 713 quibus
419 618 600 691 rationem
628 618 847 694 determinat
872 622 1129 718 parabolarum
1163 636 1202 697 et
1234 646 1385 688 antonus

160 730 459 828 paraboloideum
480 731 527 803 ad
553 732 830 830 circumscripta
850 735 1203 832 parallelogramma.
1301 727 1321 769 l

210 846 258 917 B.
286 845 359 917 Sed
387 847 561 934 rationes,
586 870 675 941 quas
701 849 911 945 assignavit,
929 873 1026 924 verae
1050 862 1147 940 sunt,
1165 863 1203 926 ct

160 984 183 1032 a
200 959 467 1031 mathematicis
484 972 654 1056 receptae.

211 1072 259 1145 A.
287 1073 382 1144 Vere
400 1072 559 1168 quidem,
573 1086 612 1147 et
621 1074 763 1171 jamdiu
780 1076 1005 1151 circumlatae
1023 1088 1120 1168 sunt,
1137 1079 1204 1152 sed

160 1186 239 1257 sine
258 1184 578 1259 demonstratione.

212 1298 261 1370 B.
288 1298 561 1373 Demonstratae
578 1311 705 1374 extant
722 1301 768 1374 ab
781 1300 941 1390 Hobbio,
958 1326 1037 1399 cap.
1054 1303 1103 1376 vii
1117 1304 1202 1377 libri

163 1434 216 1484 nn
238 1433 442 1500 coneonn,
461 1413 623 1487 editione
640 1414 783 1487 Latina.

211 1524 257 1598 A.
284 1526 487 1621 Propositio
500 1528 628 1599 xxxix:
657 1527 703 1599 Si
711 1536 947 1626 proponatur
960 1529 1201 1628 eerieaqaan·

161 1639 308 1712 titotam
332 1639 370 1711 in
391 1639 587 1736 triplicata
610 1639 758 1712 ratione
781 1640 1015 1715 arithmetice
1035 1666 1203 1741 propor-

162 1751 365 1840 tionalium,
379 1751 456 1822 aine
463 1752 581 1845 juata
594 1752 727 1824 seriem
744 1778 972 1827 numeroram
983 1752 1202 1844 cubicorum,

161 1865 329 1936 eontinne
349 1863 598 1953 crescentiam,
617 1889 642 1937 a
661 1873 804 1962 puncto
822 1863 921 1940 oelO
940 1866 1200 1962 inchoatarum,

155 1987 253 2075 pata
275 1987 315 2048 at
337 1985 372 2064 0,
398 1986 427 2064 l,
446 1984 480 2064 8,
499 1981 559 2065 27,
577 1985 639 2066 64,
658 1986 738 2067 etc,
759 1977 992 2075 propositum
1013 1979 1064 2051 ait
1085 1979 1202 2075 inqui-

161 2113 247 2160 rere
263 2115 373 2187 qnam
389 2087 523 2160 labent
540 2086 609 2161 itta
626 2090 806 2162 rationem
824 2089 878 2162 ad
899 2090 1032 2162 seriem
1050 2091 1202 2164 totidem

163 2203 332 2275 maeimoe
350 2201 554 2299 equalium.
610 2202 702 2275 Fiat
718 2203 957 2300 investigatio
970 2227 1044 2301 per
1061 2203 1204 2277 modam

163 2315 391 2407 inductionis,
410 2326 450 2388 nt
467 2314 505 2388 in
522 2340 626 2412 prop.
651 2317 664 2388 i
681 2326 719 2390 et
736 2316 810 2390 xix.
861 2316 1026 2414 Eritqne

429 2806 668 2853 0÷l÷8÷27=
681 2807 713 2852 36
769 2808 785 2851 4
850 2806 862 2850 l
885 2808 933 2886 ÷1

418 2885 670 2932 27427427427ξ
678 2867 749 2930 10⁸²
764 2878 828 2929 12
848 2849 943 2931 4412

212 3001 267 3072 Et
294 3000 349 3071 nic
377 2999 563 3096 deinceps.
616 2997 730 3070 Ratio
749 2998 969 3097 procaciam
991 3008 1049 3072 eet
1070 2998 1203 3100 abique

162 3114 283 3207 major
300 3136 407 3209 qnam
424 3108 716 3209 mrbqoadrupla,
727 3134 792 3182 aen
807 3109 837 3188 l.
876 3109 1066 3183 Eacemne
1083 3123 1204 3187 antem

155 3238 293 3324 perpet
296 3252 340 3298 no
377 3226 571 3314 decrescit,
600 3232 717 3322 prout
756 3246 924 3295 numeram
965 3226 1202 3299 terminorum

162 3348 278 3437 anget
279 3364 334 3428 nr,
347 3348 445 3436 puta
421 3333 506 3428 a-¹-,
519 3334 575 3428 ss,
588 3333 639 3428 ln
655 3332 705 3428 ᾗ,
718 3331 772 3428 3¹„
785 3332 841 3428 ᾗ,
853 3345 950 3418 etc.‚·
974 3348 1082 3410 aneto
1099 3339 1203 3412 nimi·

161 3475 242 3522 ram
259 3451 474 3578 fractionis
492 3450 699 3523 denominat
684 3459 776 3538 t‚ore
787 3449 865 3521 aive
881 3460 1120 3546 consequente
1136 3475 1202 3525 ra-

163 3564 284 3651 tionia,
312 3563 349 3635 in
375 3562 537 3691 cingulis
559 3561 661 3650 tocie,
687 3585 835 3634 nnmero
865 3563 1114 3659 quaternario,
1139 3565 1203 3655 (nt

155 3680 302 3773 patet),
320 3677 428 3748 nteit
445 3675 604 3750 rationis
626 3673 879 3772 provenientia
895 3697 1067 3746 ennecone
1084 3700 1202 3773 capra

163 3788 493 3886 ertbqnadrnplnm,
512 3814 558 3862 ea
578 3813 681 3885 qnam
704 3786 811 3859 habet
828 3785 952 3858 unitae
969 3787 1024 3859 ad
1036 3790 1201 3885 quadru-

155 3903 262 4001 plam
276 3902 416 3974 numeri
435 3902 670 3974 terminorum
681 3908 772 3998 poet
785 3907 820 3972 0.
873 3898 1059 3994 Adeoque.

211 4016 258 4088 B.
286 4015 425 4087 Eadem
459 4027 515 4087 est
549 4013 743 4087 methodus
772 4035 854 4107 qnae
884 4010 922 4082 in
952 4014 1202 4109 propositione

159 4129 233 4202 xix.
287 4129 348 4201 An
365 4141 403 4201 et
420 4129 531 4201 iidem
549 4126 714 4202 errores?

212 4247 259 4315 A.
287 4243 398 4315 Plane
415 4242 537 4314 iidem.
575 4240 671 4314 Nam
688 4241 719 4313 si
734 4233 843 4332 ξιξ
852 4232 921 4335 ἢ
937 4241 1097 4315 rationes
1114 4242 1200 4335 sint,

160 4355 385 4451 impossibile
414 4368 468 4428 est
493 4365 534 4428 ut
561 4354 656 4428 ratio
679 4364 702 4428 2
720 4355 768 4428 ad
785 4366 808 4429 4
828 4357 875 4432 sit
895 4356 1044 4454 aequalis
1061 4355 1202 4430 duabus

1244 795 1387 831 κ-Ὑ-ν
