2946 5010
307 365 381 440 240
637 380 689 430 nn
711 379 881 432 narona
902 379 1037 430 arms.

306 547 419 620 iidem
433 547 670 634 confitentur,
686 556 723 618 et
746 544 792 618 ad
812 544 1033 619 sententiam
1048 555 1150 616 tuam
1178 543 1223 616 de
1251 557 1364 618 motu

307 683 510 757 perquem
538 660 582 731 fit
613 659 717 745 visio,
745 658 921 733 accedere
950 658 1144 753 incipiunt.
1196 656 1296 730 Nam
1323 659 1365 731 in

310 773 495 847 Societate
506 785 635 846 nostra
650 774 759 869 pauci
777 785 864 845 sunt
881 773 944 868 qni
957 772 1065 845 aliter
1079 770 1256 845 sentiunt.

360 891 410 964 Α.
438 892 617 965 Quaenam
630 904 686 963 est
699 891 762 962 illa
780 891 944 962 Societas
962 887 1108 961 vestra?

359 1003 405 1076 Β.
434 1003 590 1076 Circiter
618 1003 886 1100 quinquaginta
913 1002 983 1074 viri
1013 1000 1236 1097 philosophi,
1269 1000 1365 1075 doc-

308 1117 407 1190 trina
433 1128 471 1188 et
501 1116 650 1212 ingenio
678 1117 836 1188 maxime
863 1114 1063 1210 conspicui,
1083 1114 1364 1187 constituerunt

307 1232 404 1303 inter
422 1253 460 1301 se
479 1229 632 1324 singulis
662 1230 876 1325 septimanis
904 1229 1102 1301 convenire
1133 1227 1170 1299 in
1189 1226 1361 1321 Collegio

308 1342 566 1415 Greshamensi
584 1342 631 1414 ad
644 1341 933 1437 promovendam
962 1340 1233 1437 philosophiam
1250 1352 1363 1415 natu-

307 1456 432 1528 ralem.
486 1455 560 1528 Ubi
578 1468 756 1552 quantum
775 1457 929 1552 quisque
948 1454 995 1528 ad
1024 1478 1105 1528 eam
1133 1478 1210 1526 rem
1243 1454 1361 1528 habet

306 1569 365 1642 vel
383 1568 631 1663 experientia,
651 1569 709 1642 vel
727 1569 829 1657 artiS,
845 1569 904 1641 vel
934 1568 1184 1657 instrumenti,
1208 1580 1361 1640 tantum
1446 1571 1450 1578 '

309 1681 522 1755 contribuit.
564 1675 708 1756 Quibus
726 1683 836 1754 rebus
848 1693 887 1753 et
900 1705 996 1754 nova
1011 1680 1236 1775 deteguntur
1253 1681 1360 1776 phae-

308 1819 478 1884 nomena,
506 1807 544 1867 et
574 1819 697 1869 rerum
725 1795 950 1868 naturalium
979 1818 1099 1868 causae
1125 1794 1270 1866 facilius
1300 1795 1360 1868 in-

308 1910 517 1983 veniuntur.

359 2022 408 2095 A.
437 2022 512 2095 Cur
529 2022 627 2094 viros
643 2021 734 2095 dicis
749 2021 1018 2118 quinquaginta
1038 2020 1050 2092 l
1078 2021 1214 2093 Nonne
1231 2033 1360 2116 potest

308 2136 461 2234 quilibet
474 2135 566 2208 alius
580 2134 708 2208 adesse
725 2136 788 2233 qui
805 2134 897 2223 vult,
916 2134 1231 2223 convenientibus,
1250 2146 1358 2229 puto,

307 2251 346 2322 in
368 2249 451 2322 loco
468 2248 615 2344 publico
631 2280 641 2332 ;
668 2262 706 2321 et
724 2272 835 2344 super
851 2248 938 2320 visis
956 2246 1216 2344 experimentis
1235 2234 1357 2336 suam,

308 2386 412 2460 aeque
430 2385 472 2433 ac
490 2361 555 2449 illi,
567 2362 788 2434 sententiam
806 2360 954 2433 dicere?

361 2475 409 2547 Β.
437 2473 603 2546 Minime.

359 2588 409 2658 A.
437 2586 521 2659 Quo
543 2588 625 2681 jure
643 2585 916 2680 prohibebunt?
969 2587 1075 2658 Anne
1106 2585 1270 2658 Societas
1293 2586 1359 2659 illa

309 2700 513 2772 constituta
531 2711 586 2771 est
604 2699 805 2795 diplomate
822 2700 995 2795 publico?

357 2812 406 2883 Β.
435 2813 520 2883 Non
538 2814 709 2886 arbitror.
746 2815 819 2886 Sed
837 2815 940 2886 locus
958 2816 1022 2887 ubi
1037 2815 1261 2887 conveniunt
1276 2841 1355 2889 non

309 2938 367 2998 est
383 2925 563 3019 publicus.

360 3039 409 3111 Α.
438 3038 538 3133 Ergo
567 3040 596 3110 si
619 3038 766 3112 domino
791 3040 862 3113 loci
886 3042 1075 3137 placuerit,
1096 3066 1141 3113 ex
1173 3042 1354 3138 quinqua·

308 3152 413 3247 ginta
431 3154 522 3224 fient
536 3154 767 3226 centumviri.

360 3267 408 3339 Β.
437 3268 617 3353 Fortasse,
637 3271 701 3342 sed
719 3269 937 3341 nobilissimi
964 3269 1220 3364 utilissimique
1249 3270 1355 3342 insti·

307 3383 377 3455 tuti
395 3383 513 3478 gloria
529 3393 628 3453 certe
647 3395 684 3454 et
701 3383 821 3477 gratia
839 3383 1033 3454 debebitur
1045 3382 1102 3453 his
1120 3383 1258 3476 primis.

358 3495 406 3566 A.
434 3496 491 3566 Ita
510 3508 621 3578 certe,
640 3495 772 3590 siquid
790 3497 997 3568 invenerint
1020 3495 1119 3590 quod
1150 3496 1197 3567 sit
1223 3499 1355 3589 generi

305 3608 480 3696 humano,
499 3609 556 3679 vel
575 3610 715 3704 patriae,
736 3610 812 3681 sive
844 3609 891 3681 ad
918 3609 1167 3681 defensionem
1197 3609 1273 3680 sive
1305 3611 1356 3681 ad

307 3733 564 3793 ornamentum
583 3721 776 3816 insigniter
787 3724 877 3794 utile
893 3754 901 3804 ;
921 3721 1053 3817 alioqui
1068 3734 1355 3797 contemnentur

306 3848 344 3906 et
362 3834 426 3921 illi,
446 3848 482 3905 et
500 3845 650 3929 propter
664 3835 743 3907 illos
761 3836 841 3930 ipsa
857 3835 1098 3930 philosophia.

356 3946 401 4017 Β.
432 3948 661 4042 Sperandum
689 3961 790 4019 certe
815 3961 871 4019 est
895 3946 1035 4043 aliquid
1065 3948 1137 4019 tale
1166 3949 1356 4043 excogita-

306 4071 407 4130 turos
420 4084 496 4131 esse
515 4061 594 4144 hos,
614 4072 677 4131 aut
697 4061 907 4132 descientia
925 4060 1083 4132 naturali
1101 4060 1253 4131 ulterius
1269 4061 1355 4135 des-

305 4174 519 4266 perandum.
549 4174 732 4246 Caeterum
744 4175 969 4263 conantium,
984 4197 1191 4269 quanquam
1202 4172 1354 4266 frustra,

305 4285 489 4359 laudanda
506 4299 562 4360 est
580 4287 761 4359 voluntas
