2946 5010
345 425 660 480 ununnmumcra
682 429 923 481 nonmnnn.
1114 417 1177 488 99

176 594 266 668 lude
284 595 422 669 Palladi
443 596 571 670 solutis
590 607 618 670 3.
631 596 781 686 assibuS,

222 719 364 782 restant
399 765 783 784 .......
811 715 962 785 stt-21
988 734 1097 784 asses.

174 820 248 895 Sed
265 823 430 896 restabat
446 847 542 896 unus
558 833 704 896 tantum
721 825 823 897 ossis.

171 939 240 1012 Est
255 962 344 1034 ergo
368 949 381 1013 l
404 941 494 1014 assis
516 981 539 999 =
561 947 712 1014 stu-21
735 964 844 1014 asses

175 1051 225 1125 Et
245 1052 381 1126 additis
406 1053 602 1149 utrobique
620 1063 663 1127 21
686 1054 839 1142 assibus
866 1065 976 1127 erunt
1001 1063 1048 1127 22
1067 1076 1165 1127 asses

223 1194 255 1223 =
276 1172 345 1237 Sd.

173 1277 221 1350 Et
234 1278 278 1358 22
291 1300 389 1350 asses
399 1315 422 1334 =
438 1286 450 1350 l
464 1290 504 1368 A,
515 1278 554 1350 id
565 1288 633 1366 est,
645 1301 798 1351 numero
810 1280 946 1352 assium
957 1278 1164 1353 allatorum.

172 1386 221 1462 Β.
248 1389 364 1462 Recte
381 1413 481 1478 saue,
500 1390 726 1463 utbreviter.

172 1500 219 1574 A.
247 1502 400 1592 Fateor:
428 1503 494 1576 sed
522 1503 561 1576 in
591 1503 660 1576 hac
690 1504 905 1600 operatione
937 1504 1025 1600 quid
1051 1504 1166 1591 videS,

123 1614 391 1714 propterquod
413 1615 636 1688 dioendasit
659 1615 887 1712 analytica?
947 1617 1043 1705 Sive,
1067 1617 1167 1714 quod

123 1729 223 1803 idem
241 1739 308 1817 est,
327 1728 512 1825 quodnam
530 1741 585 1803 est
601 1729 662 1802 hio
681 1731 925 1825 compositum
939 1730 1038 1826 quod
1056 1732 1167 1804 resol-

123 1841 241 1916 vitur?
256 1842 668 1940 Dicesneduplationem
681 1842 780 1914 illam
792 1865 871 1914 esse
885 1843 1165 1916 resolutionem?

173 1953 221 2028 Β.
248 1955 413 2029 Minime.

174 2066 221 2140 A.
248 2068 349 2144 Quid
380 2067 494 2164 ergo?
550 2069 610 2140 An
640 2078 828 2141 ternorum
857 2067 1003 2141 illorum
1032 2068 1167 2143 assium

125 2182 320 2256 subductio
340 2181 516 2255 resolutio
534 2193 590 2254 est
605 2180 618 2252 l

175 2293 222 2369 Β.
248 2295 337 2367 Non
353 2294 511 2367 videtur.

177 2407 226 2480 Α.
252 2408 384 2504 Neque
397 2417 470 2490 est;
484 2430 570 2478 nam
581 2405 776 2479 methodus
788 2417 868 2480 tota
878 2418 934 2480 est
945 2407 1165 2504 apothetica.

176 2521 226 2595 Β.
254 2521 353 2597 Quid
372 2533 496 2595 autem
515 2532 571 2593 est
588 2520 779 2593 resolvere.

174 2632 221 2707 A.
249 2635 456 2724 Resolvere,
474 2644 529 2707 est
545 2633 596 2717 id,
622 2631 720 2729 quod
745 2633 985 2729 compositum
1010 2646 1078 2721 est,
1105 2633 1168 2707 de-

125 2760 262 2832 texere,
295 2748 422 2822 ordine
451 2747 514 2843 qui
548 2746 597 2818 sit
630 2744 750 2817 ordini
781 2745 1057 2842 compositionis
1083 2772 1168 2820 con·

127 2861 272 2934 marius.

176 2973 225 3046 Β.
252 2971 408 3046 Declara
424 2973 495 3044 hoc
512 2971 634 3067 aliquo
651 2972 830 3069 exemplo.

178 3086 226 3159 Α.
251 3085 389 3182 Accipe
401 3085 605 3182 exemplum
613 3085 769 3160 Wallisii
779 3085 970 3183 problema
979 3086 1166 3177 solventis,

127 3208 168 3271 ut
185 3197 286 3288 dicit,
305 3199 384 3272 sine
402 3197 563 3295 algebra,
580 3197 652 3270 hoc
670 3198 800 3271 modo:

176 3311 341 3385 Relictus
371 3325 427 3384 est
457 3311 548 3384 assis
577 3321 607 3385 l.
663 3312 791 3408 ltaque
824 3313 856 3384 si
886 3312 1003 3384 Pallas
1034 3311 1167 3386 reddat

127 3424 261 3520 virgini
291 3446 381 3521 quas
410 3435 604 3520 acceperat
630 3432 665 3512 3,
691 3425 785 3496 fiunt
812 3435 978 3520 quatuor.
1037 3425 1076 3498 si
1104 3425 1167 3500 illa

125 3536 259 3610 reddat
293 3536 431 3611 Palladi
462 3536 561 3633 quod
591 3537 636 3609 ab
664 3559 709 3609 ea
737 3548 929 3633 acceperat
963 3537 1166 3627 dimidium,

125 3649 222 3723 fiunt
235 3659 270 3723 2.
308 3649 451 3723 Deinde
470 3650 501 3723 si
512 3650 646 3746 Apollo
664 3649 797 3722 reddat
815 3673 905 3745 quos
923 3662 1115 3747 acceperat
1129 3661 1163 3739 3,

125 3763 222 3835 finnt
240 3772 285 3846 53
311 3774 350 3837 et
366 3763 430 3835 illa
446 3763 608 3859 Apollini
633 3762 732 3858 quod
751 3774 944 3859 acceperat
961 3763 1163 3853 dimidium,

124 3875 221 3948 fiunt
238 3885 299 3968 243
318 3887 355 3950 et
367 3875 514 3972 Jupiter
527 3900 618 3972 quos
632 3888 823 3972 acceperat
843 3886 865 3948 3
879 3899 989 3963 asses,
1003 3877 1097 3948 fiunt
1109 3881 1163 3958 523.

125 3986 172 4062 Et
194 3988 258 4062 illa
281 3988 380 4085 quod
403 4012 426 4061 a
445 3988 537 4061 Jove
563 4000 755 4085 acceperat
778 3987 969 4061 dimidium
991 3990 1085 4061 fiunt
1107 3996 1164 4074 2ἕ.

127 4101 256 4198 ltaque
274 4101 399 4175 omnia
416 4100 571 4175 redeunt
588 4101 636 4174 ad
654 4113 790 4174 statum
806 4102 976 4197 primum.

174 4215 224 4290 B.
251 4216 379 4303 Recte,
415 4215 588 4303 breviter,
616 4228 654 4287 et
685 4215 877 4311 analytice.
939 4216 1035 4288 Nam
1067 4215 1166 4310 quod

123 4327 262 4404 factum
276 4329 316 4405 in
331 4327 557 4425 problemate
569 4327 787 4403 describitur
800 4329 846 4402 ab
860 4329 966 4404 initio
979 4327 1026 4402 ad
1043 4329 1166 4421 finem,

992 4463 1053 4514 nr

1203 624 1354 667 mamona

1258 705 1302 746 111.

1205 774 1351 810 »Ὺ-ν
