2946 5010
448 424 629 481 cosmo
650 424 846 478 SPHAERAEJ
1087 408 1168 475 ‘199'¹

176 587 311 663 Coroll.
325 614 359 663 v.
387 590 527 664 Eadem
544 590 767 685 Ae‘oequalis
790 600 847 663 est
864 587 1005 662 duabus
1024 590 1161 686 quintis
1192 613 1276 653 ποι».
1291 612 1357 654 vm.

123 725 230 776 arcus
247 700 320 778 BC.
374 702 470 777 Nam
488 703 669 800 quadrata
685 703 779 792 aGi,
794 701 873 788 Ae,
887 704 952 792 Ae,
966 714 1053 776 sunt
1067 699 1101 795 ξ,
1115 701 1161 795 ἒ,
1200 681 1342 716 “⁹'‘

124 829 161 890 et
175 816 225 908 -ὲ,
278 817 409 918 Quare
419 817 516 890 latus
534 817 592 889 Ae
608 827 665 890 est
687 814 836 907 {arcus
853 813 928 891 BC.

174 929 386 1002 Notandum
398 931 497 1027 quod
509 944 620 1003 rectae
632 931 690 1018 Gi,
702 928 781 1018 AC,
793 929 850 1002 Ae
859 929 1055 1026 dupliciter
1065 930 1161 1002 aesti-

124 1056 292 1115 mantur:
317 1066 391 1114 uno
415 1043 524 1117 modo
549 1068 617 1141 per
641 1055 764 1139 partes
790 1066 897 1116 arcus
915 1041 989 1129 Bo,
1006 1043 1078 1115 alio
1095 1066 1161 1139 per

123 1168 248 1254 partes
265 1155 359 1229 radii
376 1155 455 1231 Ao.

478 1466 726 1519 PROPOSITIO
748 1467 808 1519 IX.

175 1606 219 1681 Si
238 1630 263 1678 o
279 1614 421 1703 puncto
442 1629 466 1677 n
485 1605 646 1679 ducatur
669 1615 776 1681 rectu
795 1631 859 1680 nm
870 1605 1070 1706 parallelo
1087 1607 1161 1695 CG,

124 1742 255 1792 secono
272 1716 337 1790 AC
354 1717 392 1790 in
410 1741 468 1790 m:
495 1716 579 1791 dico
592 1728 734 1816 reptem
751 1730 874 1793 rectoa
891 1719 970 1809 Ac,
983 1719 1070 1810 AY,
1085 1721 1162 1810 AZ,

125 1831 199 1921 Ab,
214 1830 282 1920 Ae,
294 1827 379 1917 Am,
395 1830 469 1917 Ak,
482 1854 564 1903 ecce
576 1832 742 1905 continue
747 1832 1062 1931 proportionales.

176 1945 272 2017 Cum
289 1942 387 2015 enim
406 1940 483 2032 AC,
495 1941 576 2033 AY,
589 1943 653 2016 ΑΖ
670 1944 744 2019 sint
764 1947 938 2019 continue
958 1947 1165 2043 proportio-

126 2058 237 2146 nales,
252 2080 318 2153 per
331 2057 659 2131 constructionem:
679 2071 936 2157 ostensumque
949 2061 998 2132 sit
1008 2060 1083 2149 AZ,
1095 2059 1164 2150 Ah,

126 2171 182 2242 Ae
214 2193 293 2243 esse
324 2170 499 2242 continue
530 2173 839 2267 proportionales:
873 2174 1002 2270 positis
1037 2173 1168 2247 ordine

127 2283 393 2380 quantitatibus
409 2281 486 2370 AC,
500 2281 587 2372 AY,
603 2284 676 2374 AZ,
690 2285 759 2375 At,
771 2288 838 2376 Ae,
852 2287 948 2360 ratio
963 2286 1029 2360 Ac
1045 2286 1093 2359 ad
1110 2287 1167 2359 Ae

127 2397 200 2470 erit
227 2396 309 2492 (per
328 2394 431 2468 Eucl.
450 2395 524 2469 xiv.
543 2398 607 2488 28)
637 2397 824 2494 duplicata
849 2399 1001 2473 rationis
1019 2398 1094 2472 AY
1119 2400 1168 2473 ad

129 2511 204 2586 Ab.
248 2510 321 2585 Sed
337 2509 433 2583 ratio
446 2507 522 2582 AY
535 2509 584 2583 ad
594 2510 658 2584 AZ
672 2511 927 2609 subduplicata
940 2522 997 2586 est
1013 2512 1166 2586 rationis

129 2623 194 2700 AC
211 2625 261 2700 ad
278 2623 354 2698 AZ.
390 2624 515 2698 Quare
527 2622 623 2697 ratio
637 2621 713 2697 AY
723 2624 770 2699 ad
784 2624 861 2714 AZ,
873 2625 1000 2700 eadem
1013 2637 1070 2699 est
1082 2650 1168 2700 cum

128 2738 272 2812 ratione
290 2736 354 2809 AZ
372 2735 420 2809 ad
437 2734 498 2808 ΑΙι
514 2735 573 2809 vel
591 2734 652 2808 ΑΙι
673 2736 720 2810 ad
737 2735 805 2810 Ae.
860 2737 956 2812 Sunt
981 2761 1069 2834 ergo
1088 2737 1166 2829 AC,

129 2849 218 2943 AY,
237 2849 314 2937 AZ,
326 2848 397 2939 Al,
409 2848 467 2923 Ae
484 2848 657 2922 continue
674 2851 977 2946 proportionales,
1015 2851 1168 2939 Rursus,

129 2967 214 3062 quia
242 2963 320 3052 AO,
352 2962 425 3052 ΑΙι,
453 2961 513 3035 Ale
541 2974 628 3037 sunt
658 2964 832 3037 continue
857 2964 1168 3060 proportionales:

133 3079 235 3170 (nam
249 3077 309 3149 AI:
318 3077 466 3172 condis
483 3088 540 3149 est
553 3075 715 3149 dimidiae
727 3076 911 3172 diagonali
922 3075 1007 3164 AG)
1021 3104 1029 3148 :
1043 3089 1081 3149 et
1091 3076 1168 3166 AZ,

131 3189 205 3278 Ar,
220 3188 277 3262 Ae
294 3200 381 3262 sunt
394 3199 551 3262 ostensae
568 3189 742 3261 continue
759 3189 1072 3285 proportionales:
1099 3189 1170 3261 erit

129 3313 174 3374 ut
192 3299 257 3374 Ac
272 3299 320 3372 ad
337 3298 415 3388 AZ,
433 3301 487 3372 ita
502 3300 691 3396 reciproce
708 3299 766 3372 Ae
783 3299 832 3372 ad
848 3299 920 3374 Ale.

183 3412 449 3509 Quiadenique
463 3422 538 3486 tres
550 3423 664 3487 rectae
674 3410 745 3502 Ab,
759 3411 831 3501 An,
849 3412 903 3486 Al
913 3426 1000 3487 sunt
1013 3414 1171 3510 aequales

130 3527 248 3602 tribus
259 3523 348 3614 AY,
360 3523 437 3614 AZ,
452 3523 513 3597 ΑΙι
522 3526 695 3600 continue
705 3526 1050 3622 proportionalibus,
1061 3529 1172 3602 etiam

132 3642 221 3738 ipsae
240 3651 327 3713 sunt
345 3638 519 3713 continue
535 3639 841 3735 proportionales.

183 3754 279 3826 Sunt
305 3775 394 3846 ergo
420 3763 561 3848 septem
585 3763 695 3826 rectae
711 3751 790 3843 Ab,
810 3752 897 3843 AY,
915 3754 993 3844 AZ,
1013 3753 1173 3845 Abale,

135 3865 216 3953 Am,
231 3864 291 3938 Al
307 3866 481 3939 continue
498 3864 800 3961 proportionales.

182 3977 388 4074 Propositio
399 3978 478 4051 haec
489 3978 568 4052 sine
579 3977 652 4050 alia
662 3977 974 4052 demonstratione
986 3979 1177 4076 perspicua

137 4104 194 4165 est
210 4091 256 4164 ab
274 4092 354 4186 ipso
372 4090 607 4188 diagramatis
632 4089 780 4163 intuitu.
832 4092 1061 4188 Impossibile
1079 4094 1177 4166 enim

134 4216 191 4278 est
207 4215 249 4278 ut
261 4215 404 4299 septem
421 4215 534 4278 rectae
551 4202 727 4277 continue
742 4205 1035 4299 proportionales
1048 4206 1121 4280 sint
1138 4207 1178 4280 in

137 4319 280 4395 ratione
300 4317 363 4392 CG
384 4318 433 4393 ad
457 4315 534 4408 QY,
552 4317 624 4391 nisi
648 4338 758 4391 arcus
780 4317 828 4391 ab
852 4318 1094 4393 antecedente
1114 4319 1179 4393 de·-

976 4454 1003 4504 rr
1020 4454 1048 4505 rr
1067 4451 1082 4496 r
