2946 5010
309 381 357 448 50
521 395 790 451 nxuuluenro
810 395 860 448 ur
879 391 1128 445 sunnonem

117 582 267 624 nntooos
358 563 407 638 Β.
436 563 555 637 Credo
572 587 672 638 sene.
725 563 800 638 Sed
824 561 1009 658 quomodo
1031 559 1211 634 unitatem
1227 567 1268 634 et
1283 583 1348 632 mr·

123 663 266 769 ζ’...
306 700 445 751 mum
461 677 591 750 definis
608 677 675 750 tu?

356 791 405 862 A.
441 790 557 863 Unum
570 789 730 887 quidem,
748 811 833 861 cum
848 786 1059 874 Aristotele,
1076 782 1116 857 id
1138 784 1239 880 quod
1261 807 1350 858 oon·

308 902 490 977 siderntur
522 914 565 976 ut
598 901 794 976 indivisum
806 928 821 985 ,·
858 921 1052 973 numerum
1090 908 1228 986 eutem,
1262 921 1349 971 eum

308 1013 473 1105 Euclide,
493 1039 540 1087 eo
565 1015 648 1088 unio
674 1013 830 1088 collecta
850 1011 982 1110 pluro.
1032 1009 1129 1082 Nam
1144 1033 1218 1083 vox
1239 1019 1350 1094 πλῆθος

307 1151 382 1201 non
400 1127 583 1224 significat
600 1126 879 1213 multitudinem,
897 1149 941 1197 eo
965 1145 1075 1196 sensu
1099 1146 1172 1219 quo
1196 1121 1351 1219 opponi-

308 1252 370 1314 tur
388 1241 538 1337 φακοῖς,
555 1252 597 1314 ut
621 1252 746 1314 censet
761 1237 961 1327 Wellisius,
977 1237 1042 1310 sed
1065 1259 1108 1310 eo
1134 1259 1208 1333 quo
1233 1259 1349 1332 oppo-

308 1353 410 1427 nitur
421 1354 486 1428 uni
491 1382 507 1439 ,·
521 1354 613 1428 adeo
626 1364 669 1428 ut
680 1353 828 1451 proprie
841 1351 1036 1448 loquendo,
1050 1359 1157 1433 πλῆθος
1166 1349 1350 1438 Graeeum,

309 1479 348 1539 et
364 1466 536 1540 Latinum
552 1490 628 1541 nou
644 1466 761 1540 multo
783 1465 849 1539 sed
870 1463 1004 1562 plura,
1021 1462 1120 1535 idem
1136 1462 1223 1536 siut.
1275 1460 1349 1534 De-

309 1578 394 1653 inde
427 1578 510 1675 lego
540 1580 579 1653 in
612 1580 801 1677 margine;
836 1575 979 1651 numeri
994 1574 1126 1673 fronti
1157 1598 1231 1648 non
1262 1583 1350 1648 eunt

307 1691 449 1765 numm
457 1692 621 1790 proprie
637 1691 740 1767 dicti.
790 1690 934 1764 Verene
952 1685 1049 1762 hoe?

356 1802 405 1878 Β.
433 1807 539 1878 Anne
562 1805 701 1880 fractus
725 1805 870 1901 integer
894 1813 964 1893 est,
981 1814 1047 1876 eut
1061 1823 1236 1875 numerus
1252 1800 1350 1875 ullus

307 1926 363 1991 est
380 1917 442 2014 qui
460 1942 535 1992 nou
552 1918 600 1992 sit
617 1918 785 2016 integer?

356 2028 403 2104 A.
431 2030 594 2104 Minime.
646 2032 696 2104 Et
718 2044 843 2105 temen
872 2028 912 2102 id
938 2025 1039 2124 quod
1061 2048 1127 2122 per
1154 2046 1350 2098 nnmerum

306 2143 465 2218 fractum
482 2143 711 2240 intelligitur,
728 2154 784 2218 est
799 2167 973 2218 numerus
986 2140 1134 2240 proprie
1151 2138 1284 2212 dictus,

356 2253 405 2329 Β.
431 2255 506 2331 Qui
523 2257 605 2329 fieri
622 2256 660 2329 id
677 2255 825 2352 potest?

355 2364 403 2440 Α.
430 2367 532 2442 Quid
576 2367 805 2464 significatur
847 2389 913 2463 per
955 2389 1149 2441 numerum
1190 2369 1350 2446 fructum

308 2479 420 2568 hune,
437 2479 490 2573 {l

358 2589 406 2665 Β.
434 2592 697 2688 significentur
714 2602 796 2676 tres
819 2604 954 2689 partes,
971 2617 1126 2691 quarum
1143 2594 1268 2670 unitae
1285 2597 1351 2671 hn-

309 2703 374 2776 bet
391 2717 562 2800 quatuor.

360 2815 408 2889 A.
436 2817 533 2891 Satis
550 2817 698 2914 quidem
715 2819 881 2915 intelligo
899 2821 1082 2916 quomodo
1099 2846 1218 2913 unum,
1237 2822 1351 2921 quod·

311 2953 456 3026 cunque
477 2930 569 3004 illud
594 2930 654 3021 sit,
671 2932 787 3028 possit
815 2933 928 3006 dividi
953 2935 992 3007 in
1018 2948 1175 3031 quatuor
1200 2950 1350 3035 partes3

311 3045 495 3139 quomodo
525 3056 649 3119 eutem
671 3046 798 3120 unitae
823 3048 876 3120 ita
901 3048 1015 3122 dividi
1040 3051 1170 3146 possit,
1192 3076 1270 3127 non
1295 3053 1353 3126 in-

310 3156 448 3252 telligo.

360 3269 410 3342 B.
438 3269 530 3343 Cum
548 3270 631 3344 dico
647 3271 836 3360 unitatem,
850 3271 1016 3369 intelligo
1034 3275 1153 3371 ipsum
1172 3302 1279 3350 unum
1295 3278 1352 3351 in-

311 3392 469 3480 tegrum,
502 3383 603 3478 quod
633 3384 813 3459 divisibile
847 3398 904 3459 est
934 3386 973 3460 in
1002 3401 1126 3484 partes
1153 3402 1245 3485 quot
1270 3391 1351 3488 quis

312 3495 481 3569 voluerit.

362 3607 412 3680 A.
445 3607 559 3682 Unum
577 3633 665 3706 ergo
683 3609 868 3707 integrum
882 3612 930 3685 sit
946 3613 1050 3688 assis.
1101 3614 1171 3689 Die
1189 3617 1293 3709 mihi,
1304 3643 1357 3692 an

310 3732 386 3794 tres
403 3745 499 3794 asses
517 3724 564 3795 sit
580 3747 754 3797 numerus
771 3725 916 3798 assium.

360 3835 409 3908 Β.
439 3835 545 3909 Sunt.

359 3944 407 4019 Α.
433 3949 481 4021 Et
498 3972 672 4023 numerus
688 3950 834 4038 assium,
851 3971 1025 4024 numerus
1042 3955 1189 4050 proprie
1207 3956 1350 4032 dietus?

361 4058 410 4131 B.
437 4061 513 4134 Est.

361 4169 407 4243 A.
434 4173 482 4244 Et
508 4197 682 4250 numerus
708 4175 912 4268 unciarum,
940 4200 1064 4253 nonne
1091 4190 1147 4255 est
1179 4206 1352 4258 numerus

311 4283 457 4380 proprie
475 4285 621 4360 dictus?
