2946 5010
377 447 432 500 nn
450 446 753 500 mucurrunrun
774 447 957 502 crucum.
1108 430 1176 508 371

190 616 421 710 Proponatur
437 614 602 688 invenire
625 626 764 689 rectam
782 615 957 713 aequalem
973 613 1074 688 arcui
1091 638 1182 711 qua·
1214 645 1377 687 senonen.

140 727 282 802 drantis
316 726 492 823 descripti
519 752 542 801 a
571 729 710 824 majore
744 738 934 825 segmento
961 727 1087 802 lateris
1114 725 1181 798 AB
1222 716 1363 751 *⁸

140 840 232 915 secti
248 851 414 913 extrema
428 852 466 913 et
483 840 605 913 media
621 840 777 915 ratione.
821 840 1100 914 Semidiametro
1115 839 1184 915 AG

140 952 371 1028 describatur
400 978 507 1027 arcus
537 976 665 1028 secans
688 954 753 1027 ΑΕ
783 953 821 1026 in
846 953 888 1039 33
915 953 986 1026 erit
1017 976 1105 1049 ergo
1128 953 1183 1027 δΕ

140 1078 371 1164 segmentum
385 1068 502 1163 majus
516 1067 641 1140 lateris
652 1065 719 1139 AB
732 1067 824 1140 secti
837 1078 1003 1140 extrema
1015 1081 1053 1140 et
1063 1068 1185 1140 media

140 1181 295 1254 ratione.
349 1181 539 1255 Ponuntur
556 1181 594 1255 in
612 1181 690 1267 ΑΒ,
709 1181 788 1269 RO,
807 1180 888 1270 AD,
907 1192 1019 1255 rectae
1036 1182 1104 1270 Aa,
1124 1182 1193 1272 Bt,

141 1295 211 1384 Ra,
229 1294 289 1367 Αθ
306 1294 460 1391 singulae
486 1296 644 1392 aequales
669 1295 739 1392 ipsi
758 1295 823 1367 δΕ.
875 1295 1131 1391 Jungaturque
1150 1298 1187 1366 ιθ

141 1431 270 1481 secans
287 1407 364 1481 AM
381 1408 419 1480 in
437 1410 472 1497 λ,
491 1419 530 1481 et
554 1408 622 1482 ΒΟ
645 1408 684 1487 in
707 1442 737 1497 η,
756 1419 794 1481 et
821 1406 978 1481 ducatur
1000 1419 1103 1481 recta
1120 1407 1186 1493 Αη,

141 1533 180 1595 et
212 1521 439 1619 producatur
471 1520 519 1594 ad
550 1520 612 1595 BC
642 1521 681 1593 in
702 1554 727 1594 ε.
783 1520 866 1594 Erit
894 1544 988 1616 ergo.
1013 1531 1116 1594 recta
1140 1519 1187 1593 Βε

141 1635 292 1732 aequalis
309 1635 412 1707 arcui
429 1634 644 1731 quadrantis
663 1634 839 1731 descripti
855 1634 958 1708 radio
976 1634 1054 1720 ΑΖ;
1084 1632 1186 1730 (quia

142 1758 209 1836 est,
224 1757 265 1820 ut
283 1748 346 1821 BC
358 1746 406 1820 ad
420 1748 504 1835 CM,
517 1748 572 1820 ita
582 1749 641 1830 Ra
651 1747 698 1821 ad
710 1748 800 1840 Bel:
820 1747 1019 1844 eademque
1036 1746 1185 1842 aequalis

142 1861 244 1932 arcui
257 1860 442 1956 descripto
459 1884 483 1933 a
500 1862 638 1957 majore
652 1872 843 1958 segmento
854 1862 924 1950 ΑΖ,
937 1883 1070 1956 nempe
1083 1859 1186 1933 arcui

142 1975 195 2061 ζθ,
214 1972 416 2069 eademque
444 1977 564 2070 majus
589 1985 820 2071 segmentum
837 1984 951 2049 rectae
968 1974 1042 2048 ΒΜ
1060 1973 1187 2048 divisae

147 2097 313 2161 extrema
330 2098 367 2161 et
388 2088 510 2162 media
531 2088 675 2162 ratione
698 2089 736 2162 in
754 2120 792 2169 ες
829 2099 867 2163 et
883 2089 939 2162 εΜ
957 2098 1185 2186 segmentum

145 2200 276 2273 minus.

195 2313 260 2386 Sin
276 2324 462 2409 quaeratur
479 2313 697 2411 magnitudo
715 2324 826 2387 rectae
845 2314 917 2403 Βλ,
936 2338 1018 2410 quae
1035 2323 1091 2387 est
1109 2313 1186 2387 dia-

143 2427 284 2524 gonalis
308 2427 478 2523 quadrati
495 2452 518 2501 a
534 2429 673 2524 majore
697 2441 888 2524 segmento
906 2426 966 2516 Βι,
985 2426 1188 2524 eademque

143 2552 256 2613 rectae
286 2541 353 2614 BD
382 2540 511 2615 divisae
535 2552 699 2615 extrema
726 2553 764 2614 et
789 2540 911 2614 media
935 2542 1078 2615 ratione
1106 2563 1188 2636 seg-

143 2664 309 2726 mentum
336 2654 477 2750 majus;
502 2678 588 2727 cum
614 2677 659 2727 ex
685 2679 730 2728 eo
752 2653 851 2750 quod
878 2653 927 2726 sit
959 2666 1189 2751 segmentum

143 2768 262 2863 majus
280 2767 475 2842 difficulter
491 2768 551 2840 vel
576 2791 652 2841 non
676 2767 827 2840 omnino
845 2765 1089 2840 demonstrari
1105 2789 1189 2863 pos-

144 2881 202 2970 sit,
220 2881 339 2977 primo
357 2882 570 2955 mechanice
595 2881 698 2953 illum
716 2904 890 2975 comparo
908 2905 993 2953 cum
1010 2891 1113 2954 recta
1130 2880 1191 2952 Fu

144 2994 201 3065 vel
215 2994 293 3082 AB,
308 3007 345 3068 et
361 2996 462 3068 illam
476 2993 622 3068 invenio
636 2992 815 3090 proxime,
830 3004 868 3067 et
885 2993 963 3067 sine
982 2992 1190 3067 differentia

145 3108 318 3196 sensibili,
336 3107 512 3182 accedere
525 3107 572 3180 ad
589 3106 881 3203 magnitudinem
893 3118 1006 3181 rectae
1020 3107 1096 3194 FK,
1107 3128 1190 3200 quae

144 3229 200 3289 est
214 3218 315 3291 sinus
329 3232 451 3293 rectus
465 3228 514 3294 60
528 3219 721 3316 graduum.
761 3220 890 3315 Itaque
903 3219 1011 3314 juxta
1023 3217 1190 3313 regulam

144 3330 350 3426 analyticae,
376 3354 543 3427 suppono
574 3330 806 3426 diagonalem
833 3331 892 3403 Βλ
920 3352 999 3403 esse
1026 3330 1096 3424 ipsi
1123 3329 1188 3401 FK

144 3443 335 3539 aequalem.
387 3443 577 3516 Calculum
600 3456 723 3516 autem
743 3443 839 3516 ineo.
892 3440 1124 3517 Quadratum
1142 3442 1189 3514 ab

145 3556 210 3628 FK
244 3556 385 3652 aequale
419 3567 476 3629 est
509 3554 669 3628 sedecim
704 3555 893 3651 quadratis
920 3579 943 3627 a
972 3567 1103 3651 quarta
1133 3553 1189 3628 sui

144 3679 262 3764 parte.
305 3669 404 3763 Ergo
421 3666 639 3763 quadratum
658 3691 681 3740 a
698 3666 882 3763 diugonali
896 3666 961 3740 BD
975 3666 1115 3763 aequale
1133 3677 1190 3740 est

147 3790 193 3852 32
213 3780 403 3876 quadratis
419 3805 442 3853 a
459 3791 591 3876 quarta
606 3791 712 3875 parte
729 3779 856 3852 lateris
874 3779 940 3853 AB
957 3779 1014 3851 vel
1035 3779 1105 3852 FE.

195 3894 243 3965 Et
261 3895 432 3989 quoniam
451 3892 670 3990 quadratum
687 3917 710 3965 a
728 3892 786 3964 Βλ
804 3892 1024 3988 supponitur
1049 3890 1189 3987 aequale

146 4008 326 4103 quadrato
344 4007 390 4078 ab
409 4007 485 4095 FK,
504 4004 543 4078 id
566 4017 622 4078 est
649 4005 766 4077 tribus
783 4004 971 4101 quadratis
988 4029 1010 4076 a
1037 4003 1190 4077 dimidia
1282 4056 1286 4061 -

145 4120 224 4210 AB,
243 4120 354 4193 idest
377 4119 570 4193 duodecim
595 4117 784 4216 quadratis
802 4142 824 4190 a
841 4127 974 4215 quarta
998 4128 1104 4214 parte
1121 4116 1188 4189 AB

146 4235 203 4306 vel
221 4234 292 4323 EF,
311 4234 381 4307 erit
411 4257 555 4330 quoque
584 4232 804 4329 quadratum
821 4257 844 4307 a
863 4232 921 4304 Βλ
940 4231 1080 4327 aequale
1098 4231 1190 4306 duo-

992 4366 1057 4417 na
1078 4365 1092 4408 τ
