<?xml version="1.0" encoding="UTF-8"?>
<!DOCTYPE html PUBLIC "-//W3C//DTD XHTML 1.0 Transitional//EN"
    "http://www.w3.org/TR/xhtml1/DTD/xhtml1-transitional.dtd">
<html xmlns="http://www.w3.org/1999/xhtml" xml:lang="en" lang="en">
 <head>
  <title>
</title>
<meta http-equiv="Content-Type" content="text/html;charset=utf-8" />
  <meta name='ocr-system' content='tesseract 3.04.00' />
  <meta name='ocr-capabilities' content='ocr_page ocr_carea ocr_par ocr_line ocrx_word'/>
</head>
<body>
  <div class='ocr_page' id='page_1' title='image "./thomhobbesmalme01hobbgoog_0452.png"; bbox 0 0 2946 5010; ppageno 0'>
   <div class='ocr_carea' id='block_1_1' title="bbox 470 425 1154 500">
    <p class='ocr_par' dir='ltr' id='par_1_1' title="bbox 470 425 1154 500">
     <span class='ocr_line' id='line_1_1' title="bbox 470 425 1154 500; baseline -0.015 0"><span class='ocrx_word' id='word_1_1' title='bbox 470 445 801 500; x_wconf 77' lang='lat' dir='ltr'><strong>GEOMETRARUM.</strong></span> <span class='ocrx_word' id='word_1_2' title='bbox 1080 425 1154 492; x_wconf 75' lang='grc'><em>443</em></span> 
     </span>
    </p>
   </div>
   <div class='ocr_carea' id='block_1_2' title="bbox 516 761 752 837">
    <p class='ocr_par' dir='ltr' id='par_1_2' title="bbox 516 761 752 837">
     <span class='ocr_line' id='line_1_2' title="bbox 516 761 752 837; baseline -0.008 0"><span class='ocrx_word' id='word_1_3' title='bbox 516 761 619 837; x_wconf 82' lang='lat' dir='ltr'><strong>CAP.</strong></span> <span class='ocrx_word' id='word_1_4' title='bbox 645 761 752 835; x_wconf 88' lang='lat' dir='ltr'><strong>XIX.</strong></span> 
     </span>
    </p>
   </div>
   <div class='ocr_carea' id='block_1_3' title="bbox 145 930 1119 1100">
    <p class='ocr_par' dir='ltr' id='par_1_3' title="bbox 145 930 1119 1100">
     <span class='ocr_line' id='line_1_3' title="bbox 145 930 1119 987; baseline -0.005 0"><span class='ocrx_word' id='word_1_5' title='bbox 145 933 389 987; x_wconf 80' lang='lat' dir='ltr'>PROPOSITIO</span> <span class='ocrx_word' id='word_1_6' title='bbox 410 934 572 987; x_wconf 80' lang='lat' dir='ltr'>DECIMA</span> <span class='ocrx_word' id='word_1_7' title='bbox 590 933 725 986; x_wconf 78' lang='lat' dir='ltr'>SEXTA</span> <span class='ocrx_word' id='word_1_8' title='bbox 744 931 963 985; x_wconf 75' lang='lat' dir='ltr'><em>nnnntnnnt</em></span> <span class='ocrx_word' id='word_1_9' title='bbox 977 930 1119 983; x_wconf 79' lang='lat' dir='ltr'>TERTH</span> 
     </span>
     <span class='ocr_line' id='line_1_4' title="bbox 508 1045 771 1100; baseline -0.004 0"><span class='ocrx_word' id='word_1_10' title='bbox 508 1045 771 1100; x_wconf 75' lang='lat' dir='ltr'><em>nxnnssNAnA.</em></span> 
     </span>
    </p>
   </div>
   <div class='ocr_carea' id='block_1_4' title="bbox 122 1171 1337 1273">
    <p class='ocr_par' dir='ltr' id='par_1_4' title="bbox 122 1171 1337 1273">
     <span class='ocr_line' id='line_1_5' title="bbox 122 1171 1337 1273; baseline -0.015 -20"><span class='ocrx_word' id='word_1_11' title='bbox 122 1179 224 1253; x_wconf 73' lang='lat' dir='ltr'><em>Qun</em></span> <span class='ocrx_word' id='word_1_12' title='bbox 242 1176 291 1250; x_wconf 83' lang='lat' dir='ltr'><em>ab</em></span> <span class='ocrx_word' id='word_1_13' title='bbox 308 1176 545 1250; x_wconf 77' lang='lat' dir='ltr'><em>extremitate</em></span> <span class='ocrx_word' id='word_1_14' title='bbox 567 1175 739 1250; x_wconf 75' lang='lat' dir='ltr'><em>diametri</em></span> <span class='ocrx_word' id='word_1_15' title='bbox 768 1175 944 1273; x_wconf 85' lang='lat' dir='ltr'><em>cujusque</em></span> <span class='ocrx_word' id='word_1_16' title='bbox 960 1171 1092 1247; x_wconf 78' lang='lat' dir='ltr'><em>circtdi</em></span> <span class='ocrx_word' id='word_1_17' title='bbox 1107 1171 1161 1247; x_wconf 89' lang='lat' dir='ltr'><em>ad</em></span> <span class='ocrx_word' id='word_1_18' title='bbox 1189 1195 1257 1238; x_wconf 74' lang='lat' dir='ltr'><em>ons.</em></span> <span class='ocrx_word' id='word_1_19' title='bbox 1272 1195 1337 1237; x_wconf 75' lang='lat' dir='ltr'>xxx.</span> 
     </span>
    </p>
   </div>
   <div class='ocr_carea' id='block_1_5' title="bbox 121 1285 1291 1391">
    <p class='ocr_par' dir='ltr' id='par_1_5' title="bbox 121 1285 1291 1391">
     <span class='ocr_line' id='line_1_6' title="bbox 121 1285 1291 1391; baseline 0.002 -27"><span class='ocrx_word' id='word_1_20' title='bbox 121 1289 279 1391; x_wconf 81' lang='lat' dir='ltr'><em>angulos</em></span> <span class='ocrx_word' id='word_1_21' title='bbox 296 1299 420 1363; x_wconf 87' lang='lat' dir='ltr'><em>rectos</em></span> <span class='ocrx_word' id='word_1_22' title='bbox 437 1290 594 1380; x_wconf 77' lang='lat' dir='ltr'><em>ducitur,</em></span> <span class='ocrx_word' id='word_1_23' title='bbox 611 1298 721 1362; x_wconf 82' lang='lat' dir='ltr'><em>entra</em></span> <span class='ocrx_word' id='word_1_24' title='bbox 750 1289 870 1385; x_wconf 88' lang='lat' dir='ltr'><em>ipsum</em></span> <span class='ocrx_word' id='word_1_25' title='bbox 897 1285 1074 1361; x_wconf 88' lang='lat' dir='ltr'><em>circulum</em></span> <span class='ocrx_word' id='word_1_26' title='bbox 1096 1311 1158 1360; x_wconf 88' lang='lat' dir='ltr'><em>ca·</em></span> <span class='ocrx_word' id='word_1_27' title='bbox 1169 1323 1291 1381; x_wconf 56' lang='lat' dir='ltr'><em>pmcn</em></span> 
     </span>
    </p>
   </div>
   <div class='ocr_carea' id='block_1_6' title="bbox 1195 1263 1338 1300">
    <p class='ocr_par' dir='ltr' id='par_1_6' title="bbox 1195 1263 1338 1300">
     <span class='ocr_line' id='line_1_7' title="bbox 1195 1263 1338 1300; baseline 0 0"><span class='ocrx_word' id='word_1_28' title='bbox 1195 1263 1338 1300; x_wconf 46' lang='lat' dir='ltr'><em>bae-2</em></span> 
     </span>
    </p>
   </div>
   <div class='ocr_carea' id='block_1_7' title="bbox 121 1389 1328 1504">
    <p class='ocr_par' dir='ltr' id='par_1_7' title="bbox 121 1389 1328 1504">
     <span class='ocr_line' id='line_1_8' title="bbox 121 1389 1328 1504; baseline -0.002 -27"><span class='ocrx_word' id='word_1_29' title='bbox 121 1405 209 1477; x_wconf 87' lang='lat' dir='ltr'><em>det:</em></span> <span class='ocrx_word' id='word_1_30' title='bbox 233 1412 271 1476; x_wconf 89' lang='lat' dir='ltr'><em>et</em></span> <span class='ocrx_word' id='word_1_31' title='bbox 296 1403 335 1476; x_wconf 89' lang='lat' dir='ltr'><em>in</em></span> <span class='ocrx_word' id='word_1_32' title='bbox 365 1402 482 1476; x_wconf 79' lang='lat' dir='ltr'><em>neum</em></span> <span class='ocrx_word' id='word_1_33' title='bbox 515 1404 759 1501; x_wconf 87' lang='lat' dir='ltr'><em>interipsum</em></span> <span class='ocrx_word' id='word_1_34' title='bbox 788 1410 931 1476; x_wconf 87' lang='lat' dir='ltr'><em>rectam</em></span> <span class='ocrx_word' id='word_1_35' title='bbox 960 1399 1095 1473; x_wconf 86' lang='lat' dir='ltr'><em>lineam</em></span> <span class='ocrx_word' id='word_1_36' title='bbox 1120 1389 1328 1504; x_wconf 56' lang='lat' dir='ltr'><em>etfflffi</em></span> 
     </span>
    </p>
   </div>
   <div class='ocr_carea' id='block_1_8' title="bbox 115 1513 1162 2842">
    <p class='ocr_par' dir='ltr' id='par_1_8' title="bbox 115 1513 1162 2066">
     <span class='ocr_line' id='line_1_9' title="bbox 115 1513 1160 1616; baseline -0.003 -27"><span class='ocrx_word' id='word_1_37' title='bbox 115 1516 374 1616; x_wconf 79' lang='lat' dir='ltr'><em>peripheriam</em></span> <span class='ocrx_word' id='word_1_38' title='bbox 392 1517 699 1615; x_wconf 79' lang='lat' dir='ltr'><em>comprehensum,</em></span> <span class='ocrx_word' id='word_1_39' title='bbox 714 1515 840 1589; x_wconf 87' lang='lat' dir='ltr'><em>altera</em></span> <span class='ocrx_word' id='word_1_40' title='bbox 850 1523 958 1589; x_wconf 88' lang='lat' dir='ltr'><em>recta</em></span> <span class='ocrx_word' id='word_1_41' title='bbox 975 1513 1074 1587; x_wconf 87' lang='lat' dir='ltr'><em>linea</em></span> <span class='ocrx_word' id='word_1_42' title='bbox 1089 1537 1160 1586; x_wconf 86' lang='lat' dir='ltr'><em>nan</em></span> 
     </span>
     <span class='ocr_line' id='line_1_10' title="bbox 123 1627 1159 1727; baseline -0.004 -24"><span class='ocrx_word' id='word_1_43' title='bbox 123 1628 257 1703; x_wconf 86' lang='lat' dir='ltr'><em>cadet:</em></span> <span class='ocrx_word' id='word_1_44' title='bbox 281 1638 318 1701; x_wconf 92' lang='lat' dir='ltr'><em>et</em></span> <span class='ocrx_word' id='word_1_45' title='bbox 344 1628 569 1702; x_wconf 75' lang='lat' dir='ltr'><em>semicirculi</em></span> <span class='ocrx_word' id='word_1_46' title='bbox 590 1629 736 1726; x_wconf 85' lang='lat' dir='ltr'><em>quidem</em></span> <span class='ocrx_word' id='word_1_47' title='bbox 757 1627 919 1727; x_wconf 83' lang='lat' dir='ltr'><em>angulus</em></span> <span class='ocrx_word' id='word_1_48' title='bbox 948 1627 1075 1724; x_wconf 85' lang='lat' dir='ltr'><em>quavis</em></span> <span class='ocrx_word' id='word_1_49' title='bbox 1097 1652 1159 1700; x_wconf 86' lang='lat' dir='ltr'><em>an·</em></span> 
     </span>
     <span class='ocr_line' id='line_1_11' title="bbox 121 1740 1162 1840; baseline -0.001 -26"><span class='ocrx_word' id='word_1_50' title='bbox 121 1742 213 1840; x_wconf 84' lang='lat' dir='ltr'><em>gulo</em></span> <span class='ocrx_word' id='word_1_51' title='bbox 239 1753 349 1816; x_wconf 86' lang='lat' dir='ltr'><em>acuto</em></span> <span class='ocrx_word' id='word_1_52' title='bbox 373 1743 566 1816; x_wconf 85' lang='lat' dir='ltr'><em>rectilineo</em></span> <span class='ocrx_word' id='word_1_53' title='bbox 590 1744 711 1838; x_wconf 85' lang='lat' dir='ltr'><em>major</em></span> <span class='ocrx_word' id='word_1_54' title='bbox 735 1750 815 1825; x_wconf 89' lang='lat' dir='ltr'><em>est;</em></span> <span class='ocrx_word' id='word_1_55' title='bbox 840 1740 1006 1840; x_wconf 81' lang='lat' dir='ltr'><em>reliqum</em></span> <span class='ocrx_word' id='word_1_56' title='bbox 1039 1750 1162 1814; x_wconf 88' lang='lat' dir='ltr'><em>autem</em></span> 
     </span>
     <span class='ocr_line' id='line_1_12' title="bbox 123 1878 252 1927; baseline -0.008 -1"><span class='ocrx_word' id='word_1_57' title='bbox 123 1878 252 1927; x_wconf 83' lang='lat' dir='ltr'><em>muner.</em></span> 
     </span>
     <span class='ocr_line' id='line_1_13' title="bbox 176 1966 695 2066; baseline 0.006 -27"><span class='ocrx_word' id='word_1_58' title='bbox 176 1967 221 2039; x_wconf 89' lang='lat' dir='ltr'><em>Iu</em></span> <span class='ocrx_word' id='word_1_59' title='bbox 239 1966 378 2040; x_wconf 89' lang='lat' dir='ltr'><em>circulo</em></span> <span class='ocrx_word' id='word_1_60' title='bbox 395 1968 504 2059; x_wconf 80' lang='lat' dir='ltr'>ABG,</span> <span class='ocrx_word' id='word_1_61' title='bbox 534 1970 638 2066; x_wconf 87' lang='lat' dir='ltr'><em>cujus</em></span> <span class='ocrx_word' id='word_1_62' title='bbox 663 2007 695 2066; x_wconf 34' lang='grc' dir='ltr'><em>ι-</em></span> 
     </span>
    </p>

    <p class='ocr_par' dir='ltr' id='par_1_9' title="bbox 126 2082 638 2171">
     <span class='ocr_line' id='line_1_14' title="bbox 126 2082 638 2171; baseline 0.004 -17"><span class='ocrx_word' id='word_1_63' title='bbox 126 2091 287 2154; x_wconf 84' lang='lat' dir='ltr'><em>centrum</em></span> <span class='ocrx_word' id='word_1_64' title='bbox 304 2082 350 2171; x_wconf 91' lang='lat' dir='ltr'><em>D,</em></span> <span class='ocrx_word' id='word_1_65' title='bbox 377 2082 559 2156; x_wconf 84' lang='lat' dir='ltr'><em>diameter</em></span> <span class='ocrx_word' id='word_1_66' title='bbox 586 2082 638 2155; x_wconf 88' lang='lat' dir='ltr'><em>sit</em></span> 
     </span>
    </p>

    <p class='ocr_par' dir='ltr' id='par_1_10' title="bbox 126 2194 640 2294">
     <span class='ocr_line' id='line_1_15' title="bbox 126 2194 640 2294; baseline 0.002 -26"><span class='ocrx_word' id='word_1_67' title='bbox 126 2194 202 2284; x_wconf 86' lang='lat' dir='ltr'><em>AC,</em></span> <span class='ocrx_word' id='word_1_68' title='bbox 221 2194 393 2292; x_wconf 88' lang='lat' dir='ltr'><em>adquam</em></span> <span class='ocrx_word' id='word_1_69' title='bbox 406 2221 453 2268; x_wconf 83' lang='lat' dir='ltr'><em>er</em></span> <span class='ocrx_word' id='word_1_70' title='bbox 466 2196 511 2286; x_wconf 82' lang='lat' dir='ltr'><em>A,</em></span> <span class='ocrx_word' id='word_1_71' title='bbox 526 2221 640 2294; x_wconf 86' lang='lat' dir='ltr'><em>pune·</em></span> 
     </span>
    </p>

    <p class='ocr_par' dir='ltr' id='par_1_11' title="bbox 128 2309 640 2407">
     <span class='ocr_line' id='line_1_16' title="bbox 128 2309 640 2407; baseline 0.006 -27"><span class='ocrx_word' id='word_1_72' title='bbox 128 2318 166 2380; x_wconf 90' lang='lat' dir='ltr'><em>to</em></span> <span class='ocrx_word' id='word_1_73' title='bbox 194 2317 368 2398; x_wconf 74' lang='lat' dir='ltr'><em>extremo,</em></span> <span class='ocrx_word' id='word_1_74' title='bbox 385 2309 640 2407; x_wconf 85' lang='lat' dir='ltr'><em>perpendicu-</em></span> 
     </span>
    </p>

    <p class='ocr_par' dir='ltr' id='par_1_12' title="bbox 128 2421 641 2498">
     <span class='ocr_line' id='line_1_17' title="bbox 128 2421 641 2498; baseline 0.008 -4"><span class='ocrx_word' id='word_1_75' title='bbox 128 2421 224 2494; x_wconf 85' lang='lat' dir='ltr'><em>laris</em></span> <span class='ocrx_word' id='word_1_76' title='bbox 238 2421 410 2496; x_wconf 86' lang='lat' dir='ltr'><em>dueatur.</em></span> <span class='ocrx_word' id='word_1_77' title='bbox 437 2423 536 2496; x_wconf 87' lang='lat' dir='ltr'><em>Dico</em></span> <span class='ocrx_word' id='word_1_78' title='bbox 545 2423 641 2498; x_wconf 82' lang='lat' dir='ltr'><em>luanc</em></span> 
     </span>
    </p>

    <p class='ocr_par' dir='ltr' id='par_1_13' title="bbox 128 2533 644 2723">
     <span class='ocr_line' id='line_1_18' title="bbox 128 2533 643 2634; baseline 0.006 -27"><span class='ocrx_word' id='word_1_79' title='bbox 128 2533 264 2608; x_wconf 87' lang='lat' dir='ltr'><em>lineam</em></span> <span class='ocrx_word' id='word_1_80' title='bbox 290 2535 643 2634; x_wconf 78' lang='lat' dir='ltr'><em>perpendicularem</em></span> 
     </span>
     <span class='ocr_line' id='line_1_19' title="bbox 128 2648 644 2723; baseline 0.004 -2"><span class='ocrx_word' id='word_1_81' title='bbox 128 2648 644 2723; x_wconf 77' lang='lat' dir='ltr'><em>necessarioeatracircndum</em></span> 
     </span>
    </p>

    <p class='ocr_par' dir='ltr' id='par_1_14' title="bbox 128 2760 644 2842">
     <span class='ocr_line' id='line_1_20' title="bbox 128 2760 644 2842; baseline 0.017 -9"><span class='ocrx_word' id='word_1_82' title='bbox 128 2762 275 2834; x_wconf 89' lang='lat' dir='ltr'><em>cadere.</em></span> <span class='ocrx_word' id='word_1_83' title='bbox 307 2760 351 2833; x_wconf 85' lang='lat' dir='ltr'><em>Si</em></span> <span class='ocrx_word' id='word_1_84' title='bbox 363 2762 457 2836; x_wconf 89' lang='lat' dir='ltr'><em>enim</em></span> <span class='ocrx_word' id='word_1_85' title='bbox 470 2765 644 2842; x_wconf 81' lang='lat' dir='ltr'><em>cadelim·</em></span> 
     </span>
    </p>
   </div>
   <div class='ocr_carea' id='block_1_9' title="bbox 125 2875 1176 4446">
    <p class='ocr_par' dir='ltr' id='par_1_15' title="bbox 125 2875 1175 3966">
     <span class='ocr_line' id='line_1_21' title="bbox 130 2875 1167 2975; baseline 0.006 -28"><span class='ocrx_word' id='word_1_86' title='bbox 130 2885 192 2948; x_wconf 89' lang='lat' dir='ltr'><em>tra</em></span> <span class='ocrx_word' id='word_1_87' title='bbox 221 2875 352 2974; x_wconf 89' lang='lat' dir='ltr'><em>ipsum,</em></span> <span class='ocrx_word' id='word_1_88' title='bbox 374 2876 498 2975; x_wconf 85' lang='lat' dir='ltr'><em>qualis</em></span> <span class='ocrx_word' id='word_1_89' title='bbox 527 2892 586 2955; x_wconf 89' lang='lat' dir='ltr'><em>est</em></span> <span class='ocrx_word' id='word_1_90' title='bbox 603 2884 694 2960; x_wconf 83' lang='lat' dir='ltr'><em>AB:</em></span> <span class='ocrx_word' id='word_1_91' title='bbox 722 2885 836 2959; x_wconf 83' lang='lat' dir='ltr'><em>ducta</em></span> <span class='ocrx_word' id='word_1_92' title='bbox 851 2883 931 2971; x_wconf 88' lang='lat' dir='ltr'><em>DB,</em></span> <span class='ocrx_word' id='word_1_93' title='bbox 958 2889 1066 2954; x_wconf 88' lang='lat' dir='ltr'><em>erunt</em></span> <span class='ocrx_word' id='word_1_94' title='bbox 1095 2878 1167 2953; x_wconf 86' lang='lat' dir='ltr'><em>dua</em></span> 
     </span>
     <span class='ocr_line' id='line_1_22' title="bbox 130 2988 1169 3093; baseline 0.007 -34"><span class='ocrx_word' id='word_1_95' title='bbox 130 2988 262 3086; x_wconf 83' lang='lat' dir='ltr'><em>anguli</em></span> <span class='ocrx_word' id='word_1_96' title='bbox 278 2990 392 3079; x_wconf 85' lang='lat' dir='ltr'><strong>DAB‚</strong></span> <span class='ocrx_word' id='word_1_97' title='bbox 409 2991 511 3065; x_wconf 85' lang='lat' dir='ltr'><em>DBA</em></span> <span class='ocrx_word' id='word_1_98' title='bbox 528 2997 692 3093; x_wconf 76' lang='lat' dir='ltr'><em>aquales</em></span> <span class='ocrx_word' id='word_1_99' title='bbox 703 3025 718 3083; x_wconf 90' lang='lat'><em>,·</em></span> <span class='ocrx_word' id='word_1_100' title='bbox 746 2997 817 3071; x_wconf 87' lang='lat' dir='ltr'><em>sed</em></span> <span class='ocrx_word' id='word_1_101' title='bbox 841 2995 943 3070; x_wconf 84' lang='lat' dir='ltr'><em>DAB</em></span> <span class='ocrx_word' id='word_1_102' title='bbox 966 3005 1090 3067; x_wconf 89' lang='lat' dir='ltr'><em>rectus</em></span> <span class='ocrx_word' id='word_1_103' title='bbox 1112 3004 1169 3067; x_wconf 90' lang='lat' dir='ltr'><em>est</em></span> 
     </span>
     <span class='ocr_line' id='line_1_23' title="bbox 125 3105 1165 3209; baseline 0.006 -37"><span class='ocrx_word' id='word_1_104' title='bbox 125 3125 201 3196; x_wconf 87' lang='lat' dir='ltr'><em>per</em></span> <span class='ocrx_word' id='word_1_105' title='bbox 230 3105 534 3179; x_wconf 76' lang='lat' dir='ltr'><em>corestructionem</em></span> <span class='ocrx_word' id='word_1_106' title='bbox 547 3136 560 3181; x_wconf 93' lang='lat'><em>:</em></span> <span class='ocrx_word' id='word_1_107' title='bbox 587 3110 709 3209; x_wconf 84' lang='lat' dir='ltr'><em>igitur</em></span> <span class='ocrx_word' id='word_1_108' title='bbox 735 3121 772 3184; x_wconf 87' lang='lat' dir='ltr'><em>et</em></span> <span class='ocrx_word' id='word_1_109' title='bbox 800 3110 901 3183; x_wconf 86' lang='lat' dir='ltr'><em>DBA</em></span> <span class='ocrx_word' id='word_1_110' title='bbox 928 3117 1052 3181; x_wconf 85' lang='lat' dir='ltr'><em>rectus</em></span> <span class='ocrx_word' id='word_1_111' title='bbox 1079 3106 1165 3196; x_wconf 87' lang='lat' dir='ltr'><em>erit,</em></span> 
     </span>
     <span class='ocr_line' id='line_1_24' title="bbox 133 3212 1168 3319; baseline 0.007 -37"><span class='ocrx_word' id='word_1_112' title='bbox 133 3212 231 3307; x_wconf 73' lang='lat' dir='ltr'><em>arrad</em></span> <span class='ocrx_word' id='word_1_113' title='bbox 244 3223 302 3286; x_wconf 86' lang='lat' dir='ltr'><em>est</em></span> <span class='ocrx_word' id='word_1_114' title='bbox 315 3214 525 3292; x_wconf 82' lang='lat' dir='ltr'><em>absurdum.</em></span> <span class='ocrx_word' id='word_1_115' title='bbox 561 3221 646 3295; x_wconf 85' lang='lat' dir='ltr'><em>Dua</em></span> <span class='ocrx_word' id='word_1_116' title='bbox 661 3224 755 3297; x_wconf 90' lang='lat' dir='ltr'><em>enim</em></span> <span class='ocrx_word' id='word_1_117' title='bbox 772 3221 904 3319; x_wconf 85' lang='lat' dir='ltr'><em>anguli</em></span> <span class='ocrx_word' id='word_1_118' title='bbox 920 3220 959 3293; x_wconf 89' lang='lat' dir='ltr'><em>in</em></span> <span class='ocrx_word' id='word_1_119' title='bbox 974 3218 1168 3318; x_wconf 82' lang='lat' dir='ltr'><em>triangula</em></span> 
     </span>
     <span class='ocr_line' id='line_1_25' title="bbox 133 3324 1171 3430; baseline 0.009 -35"><span class='ocrx_word' id='word_1_120' title='bbox 133 3324 290 3396; x_wconf 88' lang='lat' dir='ltr'><em>minores</em></span> <span class='ocrx_word' id='word_1_121' title='bbox 323 3337 407 3399; x_wconf 84' lang='lat' dir='ltr'><em>eunt</em></span> <span class='ocrx_word' id='word_1_122' title='bbox 438 3328 578 3404; x_wconf 85' lang='lat' dir='ltr'><em>duobus</em></span> <span class='ocrx_word' id='word_1_123' title='bbox 603 3335 729 3408; x_wconf 84' lang='lat' dir='ltr'><em>rectis.</em></span> <span class='ocrx_word' id='word_1_124' title='bbox 791 3333 877 3406; x_wconf 88' lang='lat' dir='ltr'><em>Nan</em></span> <span class='ocrx_word' id='word_1_125' title='bbox 911 3332 1031 3430; x_wconf 85' lang='lat' dir='ltr'><em>igitar</em></span> <span class='ocrx_word' id='word_1_126' title='bbox 1061 3330 1171 3404; x_wconf 89' lang='lat' dir='ltr'><em>cadet</em></span> 
     </span>
     <span class='ocr_line' id='line_1_26' title="bbox 126 3438 1172 3545; baseline 0.009 -38"><span class='ocrx_word' id='word_1_127' title='bbox 126 3438 457 3534; x_wconf 74' lang='lat' dir='ltr'><em>perpendicularis</em></span> <span class='ocrx_word' id='word_1_128' title='bbox 475 3443 576 3518; x_wconf 86' lang='lat' dir='ltr'><em>intra</em></span> <span class='ocrx_word' id='word_1_129' title='bbox 593 3446 797 3531; x_wconf 64' lang='lat' dir='ltr'><em>circulum·</em></span> <span class='ocrx_word' id='word_1_130' title='bbox 820 3470 938 3545; x_wconf 84' lang='lat' dir='ltr'><em>neque</em></span> <span class='ocrx_word' id='word_1_131' title='bbox 955 3444 1108 3518; x_wconf 82' lang='lat' dir='ltr'><em>eandem</em></span> <span class='ocrx_word' id='word_1_132' title='bbox 1125 3443 1172 3516; x_wconf 86' lang='lat' dir='ltr'><em>ab</em></span> 
     </span>
     <span class='ocr_line' id='line_1_27' title="bbox 135 3550 1173 3655; baseline 0.006 -33"><span class='ocrx_word' id='word_1_133' title='bbox 135 3574 282 3624; x_wconf 87' lang='lat' dir='ltr'><em>causam</em></span> <span class='ocrx_word' id='word_1_134' title='bbox 294 3550 332 3624; x_wconf 91' lang='lat' dir='ltr'><em>in</em></span> <span class='ocrx_word' id='word_1_135' title='bbox 345 3551 463 3650; x_wconf 70' lang='lat' dir='ltr'><em>ipssam</em></span> <span class='ocrx_word' id='word_1_136' title='bbox 474 3556 820 3655; x_wconf 59' lang='lat' dir='ltr'><em>circumferentiam,</em></span> <span class='ocrx_word' id='word_1_137' title='bbox 835 3559 906 3633; x_wconf 89' lang='lat' dir='ltr'><em>sed</em></span> <span class='ocrx_word' id='word_1_138' title='bbox 915 3568 1037 3648; x_wconf 77' lang='lat' dir='ltr'><em>entra,</em></span> <span class='ocrx_word' id='word_1_139' title='bbox 1051 3554 1173 3654; x_wconf 79' lang='lat' dir='ltr'><em>qualr&#39;s</em></span> 
     </span>
     <span class='ocr_line' id='line_1_28' title="bbox 135 3664 1175 3764; baseline 0.006 -29"><span class='ocrx_word' id='word_1_140' title='bbox 135 3673 193 3737; x_wconf 86' lang='lat' dir='ltr'><em>est</em></span> <span class='ocrx_word' id='word_1_141' title='bbox 223 3666 294 3740; x_wconf 85' lang='lat' dir='ltr'><em>EF.</em></span> <span class='ocrx_word' id='word_1_142' title='bbox 345 3664 442 3740; x_wconf 87' lang='lat' dir='ltr'><em>Dico</em></span> <span class='ocrx_word' id='word_1_143' title='bbox 461 3670 547 3764; x_wconf 84' lang='lat' dir='ltr'><em>jam</em></span> <span class='ocrx_word' id='word_1_144' title='bbox 576 3696 624 3745; x_wconf 83' lang='lat' dir='ltr'><em>eu</em></span> <span class='ocrx_word' id='word_1_145' title='bbox 650 3675 696 3764; x_wconf 89' lang='lat' dir='ltr'><em>A,</em></span> <span class='ocrx_word' id='word_1_146' title='bbox 724 3674 820 3747; x_wconf 89' lang='lat' dir='ltr'><em>inter</em></span> <span class='ocrx_word' id='word_1_147' title='bbox 844 3674 920 3762; x_wconf 81' lang='lat' dir='ltr'><em>An,</em></span> <span class='ocrx_word' id='word_1_148' title='bbox 952 3680 1104 3759; x_wconf 86' lang='lat' dir='ltr'><em>rectam,</em></span> <span class='ocrx_word' id='word_1_149' title='bbox 1135 3678 1175 3741; x_wconf 88' lang='lat' dir='ltr'><em>et</em></span> 
     </span>
     <span class='ocr_line' id='line_1_29' title="bbox 136 3778 1174 3886; baseline 0.003 -35"><span class='ocrx_word' id='word_1_150' title='bbox 136 3778 468 3876; x_wconf 86' lang='lat' dir='ltr'><em>circumferentiam</em></span> <span class='ocrx_word' id='word_1_151' title='bbox 496 3785 576 3876; x_wconf 86' lang='lat' dir='ltr'><em>AB,</em></span> <span class='ocrx_word' id='word_1_152' title='bbox 605 3811 676 3859; x_wconf 87' lang='lat' dir='ltr'><em>nan</em></span> <span class='ocrx_word' id='word_1_153' title='bbox 703 3811 821 3886; x_wconf 85' lang='lat' dir='ltr'><em>posse</em></span> <span class='ocrx_word' id='word_1_154' title='bbox 847 3785 986 3860; x_wconf 84' lang='lat' dir='ltr'><em>cadere</em></span> <span class='ocrx_word' id='word_1_155' title='bbox 1014 3783 1174 3857; x_wconf 66' lang='lat' dir='ltr'><em>aduam</em></span> 
     </span>
     <span class='ocr_line' id='line_1_30' title="bbox 137 3903 288 3966; baseline 0.026 -4"><span class='ocrx_word' id='word_1_156' title='bbox 137 3903 288 3966; x_wconf 89' lang='lat' dir='ltr'><em>rectam.</em></span> 
     </span>
    </p>

    <p class='ocr_par' dir='ltr' id='par_1_16' title="bbox 138 4006 1176 4446">
     <span class='ocr_line' id='line_1_31' title="bbox 189 4006 1174 4105; baseline 0.004 -28"><span class='ocrx_word' id='word_1_157' title='bbox 189 4006 282 4078; x_wconf 76' lang='lat' dir='ltr'><em>Haec</em></span> <span class='ocrx_word' id='word_1_158' title='bbox 315 4019 372 4081; x_wconf 88' lang='lat' dir='ltr'><em>est</em></span> <span class='ocrx_word' id='word_1_159' title='bbox 405 4006 727 4086; x_wconf 83' lang='lat' dir='ltr'><em>demonstrationis</em></span> <span class='ocrx_word' id='word_1_160' title='bbox 759 4011 921 4085; x_wconf 81' lang='lat' dir='ltr'><em>Euclidis</em></span> <span class='ocrx_word' id='word_1_161' title='bbox 957 4009 1174 4105; x_wconf 84' lang='lat' dir='ltr'><em>(interprete</em></span> 
     </span>
     <span class='ocr_line' id='line_1_32' title="bbox 138 4118 1173 4220; baseline 0.002 -30"><span class='ocrx_word' id='word_1_162' title='bbox 138 4118 281 4212; x_wconf 78' lang='lat' dir='ltr'><em>Clario)</em></span> <span class='ocrx_word' id='word_1_163' title='bbox 317 4142 403 4214; x_wconf 85' lang='lat' dir='ltr'><em>pars</em></span> <span class='ocrx_word' id='word_1_164' title='bbox 437 4121 580 4218; x_wconf 84' lang='lat' dir='ltr'><em>prima:</em></span> <span class='ocrx_word' id='word_1_165' title='bbox 618 4147 729 4220; x_wconf 85' lang='lat' dir='ltr'><em>qnam</em></span> <span class='ocrx_word' id='word_1_166' title='bbox 764 4124 847 4197; x_wconf 87' lang='lat' dir='ltr'><em>dieo</em></span> <span class='ocrx_word' id='word_1_167' title='bbox 878 4122 1048 4196; x_wconf 79' lang='lat' dir='ltr'><em>vitiosam</em></span> <span class='ocrx_word' id='word_1_168' title='bbox 1082 4143 1173 4193; x_wconf 86' lang='lat' dir='ltr'><em>esse.</em></span> 
     </span>
     <span class='ocr_line' id='line_1_33' title="bbox 139 4232 1176 4334; baseline 0 -29"><span class='ocrx_word' id='word_1_169' title='bbox 139 4232 271 4317; x_wconf 90' lang='lat' dir='ltr'><em>Primo,</em></span> <span class='ocrx_word' id='word_1_170' title='bbox 289 4232 388 4327; x_wconf 88' lang='lat' dir='ltr'><em>qnod</em></span> <span class='ocrx_word' id='word_1_171' title='bbox 404 4245 582 4328; x_wconf 87' lang='lat' dir='ltr'><em>punctum</em></span> <span class='ocrx_word' id='word_1_172' title='bbox 600 4236 633 4308; x_wconf 82' lang='lat' dir='ltr'><strong>A</strong></span> <span class='ocrx_word' id='word_1_173' title='bbox 651 4235 742 4310; x_wconf 88' lang='lat' dir='ltr'><em>dicit</em></span> <span class='ocrx_word' id='word_1_174' title='bbox 758 4260 837 4311; x_wconf 88' lang='lat' dir='ltr'><em>esse</em></span> <span class='ocrx_word' id='word_1_175' title='bbox 854 4259 973 4334; x_wconf 87' lang='lat' dir='ltr'><em>neque</em></span> <span class='ocrx_word' id='word_1_176' title='bbox 990 4235 1088 4308; x_wconf 82' lang='lat' dir='ltr'><em>intre</em></span> <span class='ocrx_word' id='word_1_177' title='bbox 1105 4233 1176 4305; x_wconf 87' lang='lat' dir='ltr'><em>cir·</em></span> 
     </span>
     <span class='ocr_line' id='line_1_34' title="bbox 140 4345 1176 4446; baseline 0.001 -28"><span class='ocrx_word' id='word_1_178' title='bbox 140 4345 262 4419; x_wconf 87' lang='lat' dir='ltr'><em>culum</em></span> <span class='ocrx_word' id='word_1_179' title='bbox 291 4369 409 4441; x_wconf 92' lang='lat' dir='ltr'><em>neque</em></span> <span class='ocrx_word' id='word_1_180' title='bbox 437 4347 474 4420; x_wconf 91' lang='lat' dir='ltr'><em>in</em></span> <span class='ocrx_word' id='word_1_181' title='bbox 504 4346 797 4424; x_wconf 82' lang='lat' dir='ltr'><em>circumferentia</em></span> <span class='ocrx_word' id='word_1_182' title='bbox 820 4351 910 4446; x_wconf 77' lang='lat' dir='ltr'><em>eJus.</em></span> <span class='ocrx_word' id='word_1_183' title='bbox 962 4347 1055 4421; x_wconf 88' lang='lat' dir='ltr'><em>Cum</em></span> <span class='ocrx_word' id='word_1_184' title='bbox 1078 4347 1176 4420; x_wconf 89' lang='lat' dir='ltr'><em>enim</em></span> 
     </span>
    </p>
   </div>
   <div class='ocr_carea' id='block_1_10' title="bbox 0 0 1503 5010">
    <p class='ocr_par' dir='ltr' id='par_1_17' title="bbox 0 0 1503 5010">
     <span class='ocr_line' id='line_1_35' title="bbox 0 0 1503 5010; baseline 0 0"><span class='ocrx_word' id='word_1_185' title='bbox 0 0 1503 5010; x_wconf 95' lang='lat' dir='ltr'><em> </em></span> 
     </span>
    </p>
   </div>
  </div>
 </body>
</html>
