2946 5010
399 428 580 483 casamo
601 427 793 497 sannam,
815 426 901 482 arc.
1085 410 1157 480 509·

120 616 209 691 ergo
227 605 382 693 utraque
400 597 480 672 haec
497 597 686 695 aequalitas
710 597 763 672 ita
787 595 980 672 manifeste
1007 595 1159 668 demon·
1179 620 1221 662 m
1236 619 1320 660 reor.
1335 617 1355 658 1.

121 719 249 795 strata,
273 721 318 781 ut
342 732 365 782 a
388 706 533 784 nemine
560 733 723 807 unquam
750 709 950 784 refellenda
978 709 1044 782 sit:
1080 720 1159 781 tum
1197 686 1342 724 *⁹³

120 821 320 918 propositio
348 822 428 919 ipsa
442 824 573 920 prima,
591 834 670 897 tum
690 834 887 921 utrumque
912 824 990 919 ejus
1007 820 1162 894 corolla-

120 935 216 1007 rium
235 934 271 1007 in
289 947 371 1008 tuto
389 948 485 1011 sunt.
537 936 771 1032 Objectiones
788 937 867 1031 ejus
880 946 1010 1009 contra
1026 957 1160 1030 propo·
1221 950 1224 957 ’

121 1047 291 1120 sitionem
308 1049 504 1122 secundam
531 1049 752 1136 differamus,
770 1061 812 1120 ut
834 1047 882 1121 ad
905 1059 1058 1121 caeteras
1083 1048 1164 1143 ejus

123 1161 346 1256 objectiones
363 1186 444 1258 qnae
469 1161 517 1235 ad
541 1162 652 1258 plana
678 1162 877 1258 pertinent,
901 1160 1077 1235 continue
1104 1183 1164 1233 re-

125 1274 382 1370 spondeamus

390 1514 447 1566 AD
467 1513 813 1567 PROPOSITIONEM
833 1514 897 1567 111.

174 1631 312 1704 Contra
329 1630 424 1703 hanc
442 1631 582 1727 objicit,
599 1631 727 1705 falsam
754 1654 831 1704 esse
854 1640 1049 1726 propterea
1066 1631 1164 1726 quod

125 1743 248 1817 labam
265 1742 499 1816 contraxerit
521 1767 569 1816 ea
590 1766 705 1841 prop.
724 1743 764 1816 i:
789 1766 979 1816 caramerus
997 1742 1164 1840 quadra·

126 1865 200 1928 tam
217 1853 266 1928 ab
283 1855 354 1929 ΥΟ
370 1854 511 1952 aequate
528 1879 610 1929 ease
625 1856 828 1954 quadranti
846 1856 953 1929 ACB.

176 1968 290 2068 Reap.
334 1969 517 2043 Quoniam
547 1993 634 2065 ergo
664 1969 718 2042 ita
746 1969 844 2042 clare
872 1969 1163 2041 demonstratum

127 2095 196 2169 est,
210 2094 252 2154 ut
272 2082 432 2155 dubitari
449 2081 605 2177 amplius
618 2105 692 2154 non
710 2083 827 2177 possit
844 2083 932 2178 quin
946 2081 1164 2177 quadratum

126 2195 175 2268 ab
192 2194 263 2269 ΥΟ
291 2195 430 2290 aequale
457 2195 505 2268 sit
522 2194 729 2291 quadranti,
752 2195 954 2293 propositio
979 2196 1058 2268 haec
1081 2218 1165 2267 cum

127 2331 194 2382 sua
209 2307 522 2383 demonstratione
535 2307 636 2382 salva
651 2320 719 2381 est.

393 2584 449 2635 AD
474 2582 819 2636 naonosl'rlorlnm
848 2583 904 2634 IV.

180 2712 282 2801 Ruit,
301 2711 432 2809 inquit,
449 2713 651 2810 propositio
674 2712 756 2787 haec
773 2726 904 2808 quarta
926 2734 1011 2784 cum
1036 2734 1170 2806 praece·

130 2826 253 2913 dente,
271 2849 316 2899 ex
333 2849 407 2922 qna
423 2824 630 2922 dependet3
658 2825 754 2899 sicut
772 2837 810 2899 et
828 2824 1061 2898 corollarium
1079 2824 1169 2919 ejus.

136 3004 139 3009 .
181 2938 409 3036 Respondeo,
428 2962 553 3014 veram
570 2963 658 3037 ergo
676 2963 755 3013 csse
773 2950 850 3012 tum
867 2938 1169 3035 propositionem,

131 3063 210 3124 tum
238 3052 470 3126 corollarium
494 3055 592 3149 ejus:
627 3053 715 3149 quia
737 3051 938 3148 propositio
961 3049 1171 3146 praecedens

132 3173 256 3237 manet
273 3165 503 3239 inconcussa.

410 3397 466 3452 An
486 3397 834 3452 Pnonosl‘rlonnm
853 3397 892 3450 V.

184 3525 476 3623 Propositionem
495 3529 591 3602 hanc
608 3527 788 3625 quintam,
806 3549 939 3623 nempe
957 3526 1019 3612 Zc,
1038 3524 1105 3615 tn,
1118 3524 1174 3614 cll,

134 3640 211 3715 sive
228 3639 302 3729 ΑΖ,
318 3639 387 3729 At,
401 3641 467 3729 Ae,
486 3664 563 3715 esse
580 3640 755 3714 continue
771 3638 1076 3736 proportionales,
1089 3662 1174 3711 con·

133 3753 233 3827 cedit
250 3775 329 3826 esse
345 3776 482 3827 veram.

185 3869 425 3944 corollarium
452 3880 574 3944 autern
600 3881 798 3965 utrumque
826 3878 947 3965 negat.
1008 3866 1176 3940 Quorum

134 3984 294 4080 primum
317 3994 386 4073 est,
410 3993 553 4056 rectam
577 3984 649 4058 ΑΟ
665 3981 843 4081 aqualem
868 4004 951 4055 erae
973 3979 1099 4077 daplae
1116 3980 1172 4053 eb.

137 4128 142 4159 ε
186 4096 422 4169 Manifestum
449 4106 506 4169 est
535 4095 753 4192 quadratum
775 4096 820 4168 ab
839 4094 896 4168 Ab
920 4092 1071 4190 duplum
1095 4116 1175 4166 esse

136 4209 305 4307 quadrati
333 4209 379 4282 ab
407 4208 474 4297 Ae,
504 4207 560 4280 vel
590 4207 660 4292 ab3
695 4207 760 4280 sed
787 4205 1004 4304 quadratum
1039 4206 1085 4279 ab
1117 4204 1175 4278 Aa

137 4322 275 4418 aequale
289 4334 344 4396 est
360 4321 540 4418 quadrato
558 4322 604 4395 ab
621 4321 700 4395 AY.
737 4321 803 4395 Est
816 4331 939 4396 autem
957 4319 1177 4417 quadratum
