2946 5010
288 426 362 495 3³2
562 438 1054 495 nonununrsunrsrcn.

110 630 180 677 cnr.
193 634 237 677 ιν.
287 602 351 677 ille
365 624 465 677 nunc
480 601 762 677 uricoilisionis
776 601 905 676 oritur.
931 602 1029 677 Nem
1045 600 1327 677 sciutillularom

103 704 249 812 {J
287 714 435 789 illorum
460 738 687 815 unoquaeque
713 729 772 791 est
791 714 990 791 frustulum
1013 716 1188 813 exiguum
1212 715 1327 812 ipsius

117 830 208 879 “¹¹⁶⁸
287 826 432 927 lapidis,
448 841 489 903 et
501 829 721 927 vertiginem
746 852 852 903 snum
875 828 998 904 fomiti
1023 839 1231 927 praepuroto
1257 830 1326 901 im-

287 940 427 1039 primit.
458 942 582 1039 Atque
595 942 669 1017 boc
680 940 791 1017 modo
801 941 1135 1040 propagaturiguis
1148 952 1327 1039 quantum

285 1054 468 1131 volumus

338 1168 389 1243 Α.
416 1168 503 1245 Quo
527 1178 638 1265 pacto
666 1166 850 1243 comburit
874 1166 999 1241 omnia
1024 1166 1102 1240 iere
1128 1166 1328 1241 combusti-

286 1280 378 1357 bilin
397 1280 463 1355 lux
477 1280 620 1371 solaris,
635 1280 696 1355 rel
711 1303 780 1377 per
794 1278 1051 1354 redactionem
1068 1278 1109 1353 iu
1124 1278 1221 1354 vitro
1237 1303 1327 1355 con-

287 1416 394 1484 vexo,
409 1394 470 1468 vel
483 1416 552 1491 per
567 1392 816 1468 reiectionem
832 1416 857 1468 u
871 1392 968 1467 vitro
981 1392 1167 1468 concavo?

338 1502 387 1579 B.
413 1506 564 1581 Pressus
585 1530 610 1582 a
624 1506 703 1581 sole
724 1530 790 1581 uer
805 1506 939 1605 premit
962 1507 1100 1580 utrum
1122 1529 1324 1581 convexum

288 1616 355 1693 tuli
369 1618 493 1709 modo,
509 1629 553 1695 ut
574 1619 673 1695 actio
689 1619 928 1694 continuetur
943 1641 1010 1715 per
1031 1642 1166 1715 corpus
1181 1618 1268 1694 vitri
1285 1619 1324 1693 in

287 1730 387 1807 bueo
401 1744 515 1825 recta,
530 1756 607 1807 non
629 1732 759 1807 eedem
781 1756 866 1829 quse
887 1754 912 1806 u
933 1731 1009 1806 sole
1031 1730 1081 1805 ad
1095 1733 1244 1820 vitrum
1260 1733 1326 1807 sed

286 1858 465 1945 vergente
476 1846 665 1945 aliquanto
681 1845 730 1920 sd
742 1844 1044 1944 perpendiculum
1058 1874 1070 1929 ;
1087 1843 1219 1919 deinde
1236 1869 1327 1919 con-

286 1956 434 2033 tinuata
453 1982 521 2057 per
535 1957 742 2057 oppositam
757 1958 920 2056 ejusdem
933 1957 1021 2031 vitri
1036 1959 1268 2053 superficiem
1285 1959 1325 2033 iu

287 2094 423 2161 aerem,
447 2071 605 2170 divergit
626 2095 651 2147 u
666 2070 940 2170 perpendiculo.
992 2070 1103 2145 Unde
1123 2071 1168 2147 fit
1183 2084 1228 2145 ut
1244 2083 1326 2146 toto

286 2184 386 2259 actio
406 2184 558 2259 tandem
572 2186 612 2258 in
628 2184 876 2259 arctissimum
892 2182 1053 2280 spatium
1069 2184 1322 2259 concludatur.

286 2296 419 2396 ltaque
442 2322 593 2373 necesse
621 2310 689 2387 est,
711 2296 800 2371 utsi
822 2296 862 2369 in
886 2295 950 2370 illo
976 2296 1098 2394 spatio
1122 2298 1325 2393 collocetnr

285 2410 441 2485 materia
455 2409 734 2499 combustibilis,
753 2432 799 2483 ea
813 2408 861 2483 ab
888 2408 1034 2483 actione
1060 2410 1175 2496 unito,
1191 2410 1230 2485 id
1256 2423 1325 2501 est,

284 2546 310 2597 a
330 2538 434 2597 motu
458 2523 559 2598 facto
587 2547 655 2622 per
680 2522 979 2619 convergentiam
1003 2522 1325 2598 vehementissimo

285 2637 536 2710 comburatur.

336 2749 478 2823 Eadem
500 2751 596 2824 ratio
623 2760 679 2823 est
701 2749 962 2823 combustionis
985 2773 1052 2844 per
1074 2750 1322 2824 reflexionem.

285 2862 382 2936 Nam
406 2863 459 2936 sic
476 2864 588 2937 etiam
611 2863 709 2936 actio
732 2874 812 2938 tota
835 2864 875 2936 in
898 2863 1144 2937 arctissimum
1165 2866 1323 2960 spatium

285 2975 485 3072 redigetur.
537 2976 611 3049 Sed
634 2975 681 3048 de
701 2975 759 3049 bis
783 2977 893 3049 rebus
917 2975 1031 3048 fusius
1054 2989 1092 3049 et
1114 2980 1323 3051 accuratius

285 3100 485 3163 tractatum
501 3090 612 3163 estin
628 3089 723 3163 libro
742 3112 850 3186 quem
867 3089 1034 3184 inscripsi
1051 3088 1115 3162 De
1126 3089 1297 3163 Homine.

336 3202 385 3277 A.
412 3204 487 3277 Cur
503 3228 579 3276 non
596 3214 717 3299 potest
734 3226 824 3293 esse,
836 3215 877 3276 ut
894 3203 949 3275 sol
966 3203 1013 3276 sit
1026 3227 1159 3300 corpus
1172 3205 1321 3301 aliquod

283 3315 357 3389 tole
384 3318 491 3413 quale
518 3340 586 3391 nos
612 3318 722 3413 vulgo
749 3316 980 3391 nominamus
1006 3317 1142 3413 ignem,
1167 3331 1205 3391 et
1230 3320 1323 3392 radii

284 3429 363 3525 ejus
380 3431 536 3505 transire
554 3454 620 3528 per
637 3431 722 3504 vitri
739 3454 860 3527 poros,
879 3453 924 3502 eo
941 3430 1050 3504 modo
1068 3432 1165 3504 utin
1183 3446 1323 3529 puncto

283 3543 343 3616 vel
359 3544 435 3617 fere
452 3558 591 3640 puncto
610 3544 910 3641 conjungantur?

335 3656 386 3730 B.
412 3657 513 3730 Num
530 3657 610 3731 dari
622 3658 756 3730 vitrum
773 3669 898 3754 potest
915 3656 1013 3753 qnod
1026 3657 1074 3729 sit
1087 3669 1207 3729 totum
1219 3659 1322 3753 pori?

286 3770 327 3843 Si
343 3771 416 3843 tale
432 3771 569 3844 vitrum
592 3770 672 3844 dari
693 3795 768 3844 non
790 3783 926 3868 potest,
945 3782 1025 3843 tum
1048 3772 1198 3843 effectus
1223 3772 1323 3845 illes

285 3884 444 3957 transitu
460 3885 647 3958 radiorum
663 3884 750 3958 solis
765 3908 832 3981 per
848 3908 958 3981 poros
974 3884 1061 3956 vitri
1077 3884 1232 3981 produci
1247 3909 1323 3958 non

284 4008 418 4093 potest.
469 3998 603 4072 Vidisti
619 3997 771 4072 accendi
794 3998 1062 4072 combustibilis
1085 4022 1152 4095 per
1173 3998 1322 4094 globum

285 4109 441 4185 solidum
455 4113 624 4200 vitreum,
636 4136 862 4209 quaecunqne
880 4136 965 4208 pars
982 4113 1060 4209 ejus
1077 4112 1146 4186 soli
1157 4113 1324 4186 obverte-

284 4233 397 4296 retur.
449 4226 494 4299 Id
511 4225 611 4323 quod
627 4225 707 4298 fieri
725 4249 799 4299 non
815 4236 948 4323 potest,
961 4225 1033 4298 nisi
1048 4225 1186 4298 vicum
1203 4236 1323 4298 totum

284 4335 333 4409 sit
365 4337 456 4433 pori.
519 4339 701 4413 Praetereo
730 4361 849 4435 neque
878 4362 947 4434 ego
976 4361 1095 4433 neque
1124 4350 1166 4411 tu
1198 4339 1322 4434 iguem
