<?xml version="1.0" encoding="UTF-8"?>
<!DOCTYPE html PUBLIC "-//W3C//DTD XHTML 1.0 Transitional//EN"
    "http://www.w3.org/TR/xhtml1/DTD/xhtml1-transitional.dtd">
<html xmlns="http://www.w3.org/1999/xhtml" xml:lang="en" lang="en">
 <head>
  <title>
</title>
<meta http-equiv="Content-Type" content="text/html;charset=utf-8" />
  <meta name='ocr-system' content='tesseract 3.04.00' />
  <meta name='ocr-capabilities' content='ocr_page ocr_carea ocr_par ocr_line ocrx_word'/>
</head>
<body>
  <div class='ocr_page' id='page_1' title='image "./thomhobbesmalme01hobbgoog_0049.png"; bbox 0 0 2946 5010; ppageno 0'>
   <div class='ocr_carea' id='block_1_1' title="bbox 306 410 1130 477">
    <p class='ocr_par' dir='ltr' id='par_1_1' title="bbox 306 410 1130 477">
     <span class='ocr_line' id='line_1_1' title="bbox 306 410 1130 477; baseline 0.001 -1"><span class='ocrx_word' id='word_1_1' title='bbox 306 410 354 476; x_wconf 88' lang='lat'>38</span> <span class='ocrx_word' id='word_1_2' title='bbox 522 421 792 475; x_wconf 68' lang='lat' dir='ltr'>assuritanus</span> <span class='ocrx_word' id='word_1_3' title='bbox 812 422 864 475; x_wconf 84' lang='lat' dir='ltr'>nr</span> <span class='ocrx_word' id='word_1_4' title='bbox 882 421 1130 477; x_wconf 76' lang='lat' dir='ltr'>nmamosrro</span> 
     </span>
    </p>
   </div>
   <div class='ocr_carea' id='block_1_2' title="bbox 119 587 1354 4307">
    <p class='ocr_par' dir='ltr' id='par_1_2' title="bbox 119 587 1349 814">
     <span class='ocr_line' id='line_1_2' title="bbox 119 587 1349 687; baseline 0.004 -26"><span class='ocrx_word' id='word_1_5' title='bbox 119 626 269 670; x_wconf 72' lang='lat' dir='ltr'>ammom</span> <span class='ocrx_word' id='word_1_6' title='bbox 356 588 406 662; x_wconf 92' lang='lat' dir='ltr'>B.</span> <span class='ocrx_word' id='word_1_7' title='bbox 433 587 535 664; x_wconf 80' lang='lat' dir='ltr'>Quid</span> <span class='ocrx_word' id='word_1_8' title='bbox 564 599 689 662; x_wconf 87' lang='lat' dir='ltr'>autem</span> <span class='ocrx_word' id='word_1_9' title='bbox 717 590 783 662; x_wconf 89' lang='lat' dir='ltr'>fiet</span> <span class='ocrx_word' id='word_1_10' title='bbox 811 589 842 663; x_wconf 94' lang='lat' dir='ltr'>si</span> <span class='ocrx_word' id='word_1_11' title='bbox 872 589 1079 687; x_wconf 89' lang='lat' dir='ltr'>subjectum</span> <span class='ocrx_word' id='word_1_12' title='bbox 1110 588 1243 664; x_wconf 84' lang='lat' dir='ltr'>resolvi</span> <span class='ocrx_word' id='word_1_13' title='bbox 1272 614 1349 666; x_wconf 92' lang='lat' dir='ltr'>non</span> 
     </span>
     <span class='ocr_line' id='line_1_3' title="bbox 121 702 1251 814; baseline 0.001 -38"><span class='ocrx_word' id='word_1_14' title='bbox 121 708 264 814; x_wconf 30' lang='grc' dir='ltr'>*ξω</span> <span class='ocrx_word' id='word_1_15' title='bbox 303 711 436 801; x_wconf 91' lang='lat' dir='ltr'>potest,</span> <span class='ocrx_word' id='word_1_16' title='bbox 454 714 497 775; x_wconf 93' lang='lat' dir='ltr'>ut</span> <span class='ocrx_word' id='word_1_17' title='bbox 513 702 729 798; x_wconf 89' lang='lat' dir='ltr'>plerumque</span> <span class='ocrx_word' id='word_1_18' title='bbox 746 704 790 776; x_wconf 86' lang='lat' dir='ltr'>fit</span> <span class='ocrx_word' id='word_1_19' title='bbox 807 703 845 776; x_wconf 91' lang='lat' dir='ltr'>in</span> <span class='ocrx_word' id='word_1_20' title='bbox 862 703 1058 799; x_wconf 88' lang='lat' dir='ltr'>generibus</span> <span class='ocrx_word' id='word_1_21' title='bbox 1072 703 1223 777; x_wconf 92' lang='lat' dir='ltr'>summis</span> <span class='ocrx_word' id='word_1_22' title='bbox 1237 704 1251 777; x_wconf 76' lang='lat' dir='ltr'>i</span> 
     </span>
    </p>

    <p class='ocr_par' dir='ltr' id='par_1_3' title="bbox 303 814 1352 1569">
     <span class='ocr_line' id='line_1_4' title="bbox 354 814 1352 913; baseline 0.004 -25"><span class='ocrx_word' id='word_1_23' title='bbox 354 814 401 890; x_wconf 79' lang='lat' dir='ltr'>A.</span> <span class='ocrx_word' id='word_1_24' title='bbox 428 817 522 890; x_wconf 87' lang='lat' dir='ltr'>Cum</span> <span class='ocrx_word' id='word_1_25' title='bbox 538 817 622 891; x_wconf 89' lang='lat' dir='ltr'>finis</span> <span class='ocrx_word' id='word_1_26' title='bbox 646 816 846 891; x_wconf 87' lang='lat' dir='ltr'>definiendi</span> <span class='ocrx_word' id='word_1_27' title='bbox 863 816 910 890; x_wconf 92' lang='lat' dir='ltr'>sit</span> <span class='ocrx_word' id='word_1_28' title='bbox 927 817 1140 913; x_wconf 88' lang='lat' dir='ltr'>ambiguum</span> <span class='ocrx_word' id='word_1_29' title='bbox 1157 817 1301 909; x_wconf 87' lang='lat' dir='ltr'>tollere,</span> <span class='ocrx_word' id='word_1_30' title='bbox 1319 818 1352 892; x_wconf 93' lang='lat' dir='ltr'>si</span> 
     </span>
     <span class='ocr_line' id='line_1_5' title="bbox 303 928 1352 1028; baseline 0.003 -26"><span class='ocrx_word' id='word_1_31' title='bbox 303 953 371 1028; x_wconf 89' lang='lat' dir='ltr'>per</span> <span class='ocrx_word' id='word_1_32' title='bbox 387 929 537 1003; x_wconf 88' lang='lat' dir='ltr'>nomina</span> <span class='ocrx_word' id='word_1_33' title='bbox 559 929 599 1002; x_wconf 91' lang='lat' dir='ltr'>id</span> <span class='ocrx_word' id='word_1_34' title='bbox 619 930 699 1003; x_wconf 90' lang='lat' dir='ltr'>fieri</span> <span class='ocrx_word' id='word_1_35' title='bbox 722 954 797 1003; x_wconf 90' lang='lat' dir='ltr'>non</span> <span class='ocrx_word' id='word_1_36' title='bbox 821 939 956 1025; x_wconf 90' lang='lat' dir='ltr'>potest,</span> <span class='ocrx_word' id='word_1_37' title='bbox 982 928 1192 1003; x_wconf 83' lang='lat' dir='ltr'>faciendum</span> <span class='ocrx_word' id='word_1_38' title='bbox 1210 943 1268 1004; x_wconf 90' lang='lat' dir='ltr'>est</span> <span class='ocrx_word' id='word_1_39' title='bbox 1284 954 1352 1027; x_wconf 91' lang='lat' dir='ltr'>per</span> 
     </span>
     <span class='ocr_line' id='line_1_6' title="bbox 305 1041 1352 1139; baseline -0.001 -21"><span class='ocrx_word' id='word_1_40' title='bbox 305 1043 483 1139; x_wconf 83' lang='lat' dir='ltr'>exempla.</span> <span class='ocrx_word' id='word_1_41' title='bbox 535 1041 726 1116; x_wconf 81' lang='lat' dir='ltr'><strong>Addamus</strong></span> <span class='ocrx_word' id='word_1_42' title='bbox 743 1066 831 1139; x_wconf 90' lang='lat' dir='ltr'>ergo</span> <span class='ocrx_word' id='word_1_43' title='bbox 856 1041 1062 1115; x_wconf 87' lang='lat' dir='ltr'>definitioni</span> <span class='ocrx_word' id='word_1_44' title='bbox 1078 1052 1215 1116; x_wconf 73' lang='lat' dir='ltr'>nostrae</span> <span class='ocrx_word' id='word_1_45' title='bbox 1231 1066 1352 1139; x_wconf 86' lang='lat' dir='ltr'>panea</span> 
     </span>
     <span class='ocr_line' id='line_1_7' title="bbox 304 1154 1352 1254; baseline -0.003 -23"><span class='ocrx_word' id='word_1_46' title='bbox 304 1157 417 1231; x_wconf 90' lang='lat' dir='ltr'>etiam</span> <span class='ocrx_word' id='word_1_47' title='bbox 434 1155 557 1244; x_wconf 87' lang='lat' dir='ltr'>verba,</span> <span class='ocrx_word' id='word_1_48' title='bbox 575 1167 619 1228; x_wconf 92' lang='lat' dir='ltr'>ut</span> <span class='ocrx_word' id='word_1_49' title='bbox 639 1166 721 1229; x_wconf 90' lang='lat' dir='ltr'>tota</span> <span class='ocrx_word' id='word_1_50' title='bbox 741 1156 821 1230; x_wconf 84' lang='lat' dir='ltr'>haec</span> <span class='ocrx_word' id='word_1_51' title='bbox 838 1155 911 1239; x_wconf 89' lang='lat' dir='ltr'>sit;</span> <span class='ocrx_word' id='word_1_52' title='bbox 937 1154 1100 1252; x_wconf 61' lang='lat' dir='ltr'>deffinitio</span> <span class='ocrx_word' id='word_1_53' title='bbox 1126 1165 1185 1228; x_wconf 83' lang='lat' dir='ltr'>est</span> <span class='ocrx_word' id='word_1_54' title='bbox 1208 1179 1352 1254; x_wconf 81' lang='lat' dir='ltr'>propo-</span> 
     </span>
     <span class='ocr_line' id='line_1_8' title="bbox 304 1266 1351 1367; baseline -0.002 -25"><span class='ocrx_word' id='word_1_55' title='bbox 304 1269 407 1358; x_wconf 80' lang='lat' dir='ltr'>sitio,</span> <span class='ocrx_word' id='word_1_56' title='bbox 425 1269 531 1364; x_wconf 79' lang='lat' dir='ltr'>cujus</span> <span class='ocrx_word' id='word_1_57' title='bbox 553 1268 805 1367; x_wconf 80' lang='lat' dir='ltr'>predicatum</span> <span class='ocrx_word' id='word_1_58' title='bbox 827 1278 886 1341; x_wconf 78' lang='lat' dir='ltr'>est</span> <span class='ocrx_word' id='word_1_59' title='bbox 912 1266 1071 1364; x_wconf 78' lang='lat' dir='ltr'>subjecti</span> <span class='ocrx_word' id='word_1_60' title='bbox 1100 1268 1351 1360; x_wconf 69' lang='lat' dir='ltr'>resolutivam,</span> 
     </span>
     <span class='ocr_line' id='line_1_9' title="bbox 305 1379 1351 1480; baseline -0.001 -24"><span class='ocrx_word' id='word_1_61' title='bbox 305 1382 369 1457; x_wconf 82' lang='lat' dir='ltr'>ubi</span> <span class='ocrx_word' id='word_1_62' title='bbox 384 1380 482 1477; x_wconf 84' lang='lat' dir='ltr'>fieri</span> <span class='ocrx_word' id='word_1_63' title='bbox 505 1390 636 1480; x_wconf 81' lang='lat' dir='ltr'>potest</span> <span class='ocrx_word' id='word_1_64' title='bbox 647 1408 662 1466; x_wconf 88' lang='lat'>,·</span> <span class='ocrx_word' id='word_1_65' title='bbox 687 1379 749 1454; x_wconf 77' lang='lat' dir='ltr'>oti</span> <span class='ocrx_word' id='word_1_66' title='bbox 765 1380 864 1476; x_wconf 81' lang='lat' dir='ltr'>fieri</span> <span class='ocrx_word' id='word_1_67' title='bbox 891 1405 960 1454; x_wconf 82' lang='lat' dir='ltr'>uon</span> <span class='ocrx_word' id='word_1_68' title='bbox 979 1388 1120 1478; x_wconf 80' lang='lat' dir='ltr'>potest,</span> <span class='ocrx_word' id='word_1_69' title='bbox 1146 1380 1351 1479; x_wconf 65' lang='lat' dir='ltr'>exemplifi-</span> 
     </span>
     <span class='ocr_line' id='line_1_10' title="bbox 307 1494 478 1569; baseline -0.012 -1"><span class='ocrx_word' id='word_1_70' title='bbox 307 1494 478 1569; x_wconf 84' lang='lat' dir='ltr'>caticum.</span> 
     </span>
    </p>

    <p class='ocr_par' dir='ltr' id='par_1_4' title="bbox 356 1605 701 1703">
     <span class='ocr_line' id='line_1_11' title="bbox 356 1605 701 1703; baseline -0.003 -22"><span class='ocrx_word' id='word_1_71' title='bbox 356 1608 407 1681; x_wconf 92' lang='lat' dir='ltr'>B.</span> <span class='ocrx_word' id='word_1_72' title='bbox 434 1607 550 1702; x_wconf 84' lang='lat' dir='ltr'>Perge</span> <span class='ocrx_word' id='word_1_73' title='bbox 566 1605 701 1703; x_wconf 91' lang='lat' dir='ltr'>legere.</span> 
     </span>
    </p>

    <p class='ocr_par' dir='ltr' id='par_1_5' title="bbox 307 1718 1354 4307">
     <span class='ocr_line' id='line_1_12' title="bbox 357 1718 1353 1815; baseline 0.004 -22"><span class='ocrx_word' id='word_1_74' title='bbox 357 1719 407 1794; x_wconf 81' lang='lat' dir='ltr'>A.</span> <span class='ocrx_word' id='word_1_75' title='bbox 437 1718 528 1805; x_wconf 73' lang='lat' dir='ltr'>Quo</span> <span class='ocrx_word' id='word_1_76' title='bbox 541 1729 664 1793; x_wconf 80' lang='lat' dir='ltr'>tumen</span> <span class='ocrx_word' id='word_1_77' title='bbox 675 1718 840 1815; x_wconf 80' lang='lat' dir='ltr'>definitio</span> <span class='ocrx_word' id='word_1_78' title='bbox 856 1719 1036 1793; x_wconf 81' lang='lat' dir='ltr'>uououmi</span> <span class='ocrx_word' id='word_1_79' title='bbox 1048 1719 1353 1796; x_wconf 82' lang='lat' dir='ltr'>demorrstrotioni</span> 
     </span>
     <span class='ocr_line' id='line_1_13' title="bbox 308 1831 1351 1930; baseline 0.005 -23"><span class='ocrx_word' id='word_1_80' title='bbox 308 1832 499 1907; x_wconf 81' lang='lat' dir='ltr'>convenire</span> <span class='ocrx_word' id='word_1_81' title='bbox 518 1833 694 1930; x_wconf 83' lang='lat' dir='ltr'>putando</span> <span class='ocrx_word' id='word_1_82' title='bbox 724 1842 807 1916; x_wconf 85' lang='lat' dir='ltr'>est,·</span> <span class='ocrx_word' id='word_1_83' title='bbox 838 1832 910 1906; x_wconf 82' lang='lat' dir='ltr'>aed</span> <span class='ocrx_word' id='word_1_84' title='bbox 937 1831 997 1906; x_wconf 85' lang='lat' dir='ltr'>illi</span> <span class='ocrx_word' id='word_1_85' title='bbox 1030 1857 1106 1930; x_wconf 80' lang='lat' dir='ltr'>que</span> <span class='ocrx_word' id='word_1_86' title='bbox 1130 1843 1189 1906; x_wconf 79' lang='lat' dir='ltr'>est</span> <span class='ocrx_word' id='word_1_87' title='bbox 1214 1859 1262 1911; x_wconf 65' lang='lat' dir='ltr'>ros</span> <span class='ocrx_word' id='word_1_88' title='bbox 1275 1851 1351 1924; x_wconf 69' lang='grc' dir='ltr'>διότι,</span> 
     </span>
     <span class='ocr_line' id='line_1_14' title="bbox 308 1943 1354 2044; baseline 0.001 -25"><span class='ocrx_word' id='word_1_89' title='bbox 308 1945 514 2044; x_wconf 75' lang='lat' dir='ltr'>quaetione</span> <span class='ocrx_word' id='word_1_90' title='bbox 530 1950 625 2028; x_wconf 70' lang='lat' dir='ltr'>mater</span> <span class='ocrx_word' id='word_1_91' title='bbox 643 1944 910 2020; x_wconf 74' lang='lat' dir='ltr'>demmutrotio</span> <span class='ocrx_word' id='word_1_92' title='bbox 927 1945 1079 2020; x_wconf 84' lang='lat' dir='ltr'>dicitur.</span> <span class='ocrx_word' id='word_1_93' title='bbox 1131 1943 1197 2019; x_wconf 85' lang='lat' dir='ltr'>Ad</span> <span class='ocrx_word' id='word_1_94' title='bbox 1210 1945 1354 2020; x_wconf 67' lang='lat' dir='ltr'>demea</span> 
     </span>
     <span class='ocr_line' id='line_1_15' title="bbox 308 2056 1353 2157; baseline -0.001 -25"><span class='ocrx_word' id='word_1_95' title='bbox 308 2059 525 2132; x_wconf 69' lang='lat' dir='ltr'><em>strationem</em></span> <span class='ocrx_word' id='word_1_96' title='bbox 541 2079 590 2131; x_wconf 78' lang='grc' dir='ltr'>ιιῡ</span> <span class='ocrx_word' id='word_1_97' title='bbox 616 2072 668 2140; x_wconf 74' lang='lat' dir='ltr'>tn,</span> <span class='ocrx_word' id='word_1_98' title='bbox 681 2059 815 2154; x_wconf 79' lang='lat' dir='ltr'>sufficit</span> <span class='ocrx_word' id='word_1_99' title='bbox 828 2068 1085 2157; x_wconf 81' lang='lat' dir='ltr'><em>argumentum</em></span> <span class='ocrx_word' id='word_1_100' title='bbox 1097 2056 1353 2154; x_wconf 56' lang='lat' dir='ltr'>etelectu-</span> 
     </span>
     <span class='ocr_line' id='line_1_16' title="bbox 307 2171 1350 2267; baseline 0.007 -23"><span class='ocrx_word' id='word_1_101' title='bbox 307 2172 449 2246; x_wconf 83' lang='lat' dir='ltr'>Vellem</span> <span class='ocrx_word' id='word_1_102' title='bbox 466 2171 653 2246; x_wconf 88' lang='lat' dir='ltr'>definisset</span> <span class='ocrx_word' id='word_1_103' title='bbox 677 2172 766 2267; x_wconf 91' lang='lat' dir='ltr'>quid</span> <span class='ocrx_word' id='word_1_104' title='bbox 789 2172 837 2246; x_wconf 90' lang='lat' dir='ltr'>sit</span> <span class='ocrx_word' id='word_1_105' title='bbox 857 2172 921 2245; x_wconf 90' lang='lat' dir='ltr'>illa</span> <span class='ocrx_word' id='word_1_106' title='bbox 938 2171 1203 2246; x_wconf 81' lang='lat' dir='ltr'>demonstratio</span> <span class='ocrx_word' id='word_1_107' title='bbox 1225 2199 1273 2250; x_wconf 75' lang='grc' dir='ltr'>ιιῡ</span> <span class='ocrx_word' id='word_1_108' title='bbox 1299 2192 1350 2251; x_wconf 76' lang='lat' dir='ltr'>tn.</span> 
     </span>
     <span class='ocr_line' id='line_1_17' title="bbox 308 2284 1353 2383; baseline 0.001 -25"><span class='ocrx_word' id='word_1_109' title='bbox 308 2284 407 2358; x_wconf 91' lang='lat' dir='ltr'>Nam</span> <span class='ocrx_word' id='word_1_110' title='bbox 424 2284 690 2359; x_wconf 86' lang='lat' dir='ltr'>demonstratio</span> <span class='ocrx_word' id='word_1_111' title='bbox 707 2305 753 2356; x_wconf 75' lang='grc' dir='ltr'>ιιῡ</span> <span class='ocrx_word' id='word_1_112' title='bbox 767 2296 833 2357; x_wconf 61' lang='grc' dir='ltr'>διότι</span> <span class='ocrx_word' id='word_1_113' title='bbox 849 2297 918 2372; x_wconf 88' lang='lat' dir='ltr'>est,</span> <span class='ocrx_word' id='word_1_114' title='bbox 929 2285 1076 2383; x_wconf 87' lang='lat' dir='ltr'>quando</span> <span class='ocrx_word' id='word_1_115' title='bbox 1091 2285 1173 2383; x_wconf 91' lang='lat' dir='ltr'>quis</span> <span class='ocrx_word' id='word_1_116' title='bbox 1190 2285 1353 2360; x_wconf 87' lang='lat' dir='ltr'>ostendit</span> 
     </span>
     <span class='ocr_line' id='line_1_18' title="bbox 307 2397 1351 2494; baseline 0.002 -24"><span class='ocrx_word' id='word_1_117' title='bbox 307 2406 585 2494; x_wconf 85' lang='lat' dir='ltr'>propterquam</span> <span class='ocrx_word' id='word_1_118' title='bbox 603 2421 752 2471; x_wconf 90' lang='lat' dir='ltr'>causam</span> <span class='ocrx_word' id='word_1_119' title='bbox 765 2397 973 2494; x_wconf 90' lang='lat' dir='ltr'>subjectum</span> <span class='ocrx_word' id='word_1_120' title='bbox 988 2400 1097 2474; x_wconf 88' lang='lat' dir='ltr'>talem</span> <span class='ocrx_word' id='word_1_121' title='bbox 1116 2400 1229 2473; x_wconf 89' lang='lat' dir='ltr'>habet</span> <span class='ocrx_word' id='word_1_122' title='bbox 1242 2400 1351 2473; x_wconf 86' lang='lat' dir='ltr'>affec·</span> 
     </span>
     <span class='ocr_line' id='line_1_19' title="bbox 308 2510 1353 2606; baseline 0.003 -23"><span class='ocrx_word' id='word_1_123' title='bbox 308 2510 460 2584; x_wconf 91' lang='lat' dir='ltr'>tionem.</span> <span class='ocrx_word' id='word_1_124' title='bbox 513 2511 643 2606; x_wconf 90' lang='lat' dir='ltr'>Itaque</span> <span class='ocrx_word' id='word_1_125' title='bbox 667 2511 841 2606; x_wconf 88' lang='lat' dir='ltr'>quoniam</span> <span class='ocrx_word' id='word_1_126' title='bbox 868 2510 1133 2586; x_wconf 87' lang='lat' dir='ltr'>demonstratio</span> <span class='ocrx_word' id='word_1_127' title='bbox 1154 2512 1274 2586; x_wconf 89' lang='lat' dir='ltr'>omnis</span> <span class='ocrx_word' id='word_1_128' title='bbox 1296 2522 1353 2586; x_wconf 90' lang='lat' dir='ltr'>est</span> 
     </span>
     <span class='ocr_line' id='line_1_20' title="bbox 307 2621 1352 2721; baseline 0.005 -27"><span class='ocrx_word' id='word_1_129' title='bbox 307 2621 520 2713; x_wconf 88' lang='lat' dir='ltr'>scientifica,</span> <span class='ocrx_word' id='word_1_130' title='bbox 539 2632 576 2696; x_wconf 92' lang='lat' dir='ltr'>et</span> <span class='ocrx_word' id='word_1_131' title='bbox 594 2622 688 2696; x_wconf 88' lang='lat' dir='ltr'>scire</span> <span class='ocrx_word' id='word_1_132' title='bbox 705 2622 816 2696; x_wconf 87' lang='lat' dir='ltr'>talem</span> <span class='ocrx_word' id='word_1_133' title='bbox 846 2646 925 2697; x_wconf 88' lang='lat' dir='ltr'>esse</span> <span class='ocrx_word' id='word_1_134' title='bbox 946 2624 985 2698; x_wconf 93' lang='lat' dir='ltr'>in</span> <span class='ocrx_word' id='word_1_135' title='bbox 1008 2625 1175 2721; x_wconf 89' lang='lat' dir='ltr'>subjecto</span> <span class='ocrx_word' id='word_1_136' title='bbox 1191 2626 1352 2699; x_wconf 83' lang='lat' dir='ltr'>affectio·</span> 
     </span>
     <span class='ocr_line' id='line_1_21' title="bbox 308 2735 1352 2833; baseline 0.004 -26"><span class='ocrx_word' id='word_1_137' title='bbox 308 2758 393 2808; x_wconf 94' lang='lat' dir='ltr'>nem</span> <span class='ocrx_word' id='word_1_138' title='bbox 411 2746 506 2808; x_wconf 89' lang='lat' dir='ltr'>esta</span> <span class='ocrx_word' id='word_1_139' title='bbox 529 2735 739 2831; x_wconf 84' lang='lat' dir='ltr'>cognitione</span> <span class='ocrx_word' id='word_1_140' title='bbox 766 2759 887 2811; x_wconf 83' lang='lat' dir='ltr'>causae</span> <span class='ocrx_word' id='word_1_141' title='bbox 914 2738 1121 2833; x_wconf 77' lang='lat' dir='ltr'>qua-illam</span> <span class='ocrx_word' id='word_1_142' title='bbox 1145 2738 1352 2811; x_wconf 89' lang='lat' dir='ltr'>necessario</span> 
     </span>
     <span class='ocr_line' id='line_1_22' title="bbox 308 2847 1352 2947; baseline 0.006 -28"><span class='ocrx_word' id='word_1_143' title='bbox 308 2847 491 2944; x_wconf 83' lang='lat' dir='ltr'>producit,</span> <span class='ocrx_word' id='word_1_144' title='bbox 518 2848 621 2922; x_wconf 90' lang='lat' dir='ltr'>nulla</span> <span class='ocrx_word' id='word_1_145' title='bbox 646 2859 771 2944; x_wconf 90' lang='lat' dir='ltr'>potest</span> <span class='ocrx_word' id='word_1_146' title='bbox 798 2873 877 2923; x_wconf 91' lang='lat' dir='ltr'>esse</span> <span class='ocrx_word' id='word_1_147' title='bbox 906 2851 1170 2925; x_wconf 85' lang='lat' dir='ltr'>demonstratio</span> <span class='ocrx_word' id='word_1_148' title='bbox 1199 2862 1352 2947; x_wconf 86' lang='lat' dir='ltr'>praeter-</span> 
     </span>
     <span class='ocr_line' id='line_1_23' title="bbox 310 2962 1352 3060; baseline 0.002 -25"><span class='ocrx_word' id='word_1_149' title='bbox 310 2985 421 3057; x_wconf 88' lang='lat' dir='ltr'>quam</span> <span class='ocrx_word' id='word_1_150' title='bbox 438 2982 487 3032; x_wconf 76' lang='lat' dir='ltr'>ros</span> <span class='ocrx_word' id='word_1_151' title='bbox 501 2974 579 3035; x_wconf 63' lang='grc' dir='ltr'>διότι.</span> <span class='ocrx_word' id='word_1_152' title='bbox 632 2963 748 3038; x_wconf 88' lang='lat' dir='ltr'>Recte</span> <span class='ocrx_word' id='word_1_153' title='bbox 765 2987 854 3060; x_wconf 89' lang='lat' dir='ltr'>crgo</span> <span class='ocrx_word' id='word_1_154' title='bbox 871 2962 973 3051; x_wconf 90' lang='lat' dir='ltr'>dicit,</span> <span class='ocrx_word' id='word_1_155' title='bbox 991 2962 1102 3053; x_wconf 90' lang='lat' dir='ltr'>illam,</span> <span class='ocrx_word' id='word_1_156' title='bbox 1118 2987 1200 3060; x_wconf 87' lang='lat' dir='ltr'>quae</span> <span class='ocrx_word' id='word_1_157' title='bbox 1216 2962 1352 3038; x_wconf 91' lang='lat' dir='ltr'>dicitur</span> 
     </span>
     <span class='ocr_line' id='line_1_24' title="bbox 308 3075 1351 3167; baseline 0.008 -23"><span class='ocrx_word' id='word_1_158' title='bbox 308 3093 358 3144; x_wconf 77' lang='grc' dir='ltr'>ιιῡ</span> <span class='ocrx_word' id='word_1_159' title='bbox 379 3087 429 3156; x_wconf 66' lang='grc' dir='ltr'>ὅτι,</span> <span class='ocrx_word' id='word_1_160' title='bbox 451 3097 527 3146; x_wconf 91' lang='lat' dir='ltr'>non</span> <span class='ocrx_word' id='word_1_161' title='bbox 544 3099 622 3149; x_wconf 89' lang='lat' dir='ltr'>esse</span> <span class='ocrx_word' id='word_1_162' title='bbox 640 3096 737 3167; x_wconf 68' lang='grc' dir='ltr'><em>κυρίως</em></span> <span class='ocrx_word' id='word_1_163' title='bbox 753 3077 1115 3166; x_wconf 87' lang='lat' dir='ltr'>demonstrationem,</span> <span class='ocrx_word' id='word_1_164' title='bbox 1133 3075 1173 3150; x_wconf 93' lang='lat' dir='ltr'>id</span> <span class='ocrx_word' id='word_1_165' title='bbox 1190 3087 1259 3167; x_wconf 90' lang='lat' dir='ltr'>est,</span> <span class='ocrx_word' id='word_1_166' title='bbox 1276 3101 1351 3152; x_wconf 96' lang='lat' dir='ltr'>non</span> 
     </span>
     <span class='ocr_line' id='line_1_25' title="bbox 310 3186 1351 3264; baseline 0.006 -6"><span class='ocrx_word' id='word_1_167' title='bbox 310 3186 458 3260; x_wconf 93' lang='lat' dir='ltr'>omnino</span> <span class='ocrx_word' id='word_1_168' title='bbox 473 3188 836 3263; x_wconf 88' lang='lat' dir='ltr'>demonstrationem.</span> <span class='ocrx_word' id='word_1_169' title='bbox 872 3190 968 3263; x_wconf 92' lang='lat' dir='ltr'>Nam</span> <span class='ocrx_word' id='word_1_170' title='bbox 979 3190 1018 3263; x_wconf 92' lang='lat' dir='ltr'>in</span> <span class='ocrx_word' id='word_1_171' title='bbox 1030 3213 1196 3263; x_wconf 90' lang='lat' dir='ltr'>sermone</span> <span class='ocrx_word' id='word_1_172' title='bbox 1210 3192 1351 3264; x_wconf 87' lang='lat' dir='ltr'>mathe-</span> 
     </span>
     <span class='ocr_line' id='line_1_26' title="bbox 309 3299 1352 3402; baseline 0.004 -30"><span class='ocrx_word' id='word_1_173' title='bbox 309 3299 541 3390; x_wconf 88' lang='lat' dir='ltr'>maticorum,</span> <span class='ocrx_word' id='word_1_174' title='bbox 555 3327 626 3374; x_wconf 84' lang='lat' dir='ltr'>uon</span> <span class='ocrx_word' id='word_1_175' title='bbox 639 3326 722 3375; x_wconf 81' lang='lat' dir='ltr'>esse</span> <span class='ocrx_word' id='word_1_176' title='bbox 734 3314 773 3375; x_wconf 92' lang='lat' dir='ltr'>et</span> <span class='ocrx_word' id='word_1_177' title='bbox 782 3327 853 3376; x_wconf 85' lang='lat' dir='ltr'>uou</span> <span class='ocrx_word' id='word_1_178' title='bbox 863 3303 1027 3402; x_wconf 80' lang='lat' dir='ltr'>proprie</span> <span class='ocrx_word' id='word_1_179' title='bbox 1038 3327 1131 3393; x_wconf 82' lang='lat' dir='ltr'>esse,</span> <span class='ocrx_word' id='word_1_180' title='bbox 1142 3303 1241 3377; x_wconf 89' lang='lat' dir='ltr'>idem</span> <span class='ocrx_word' id='word_1_181' title='bbox 1254 3314 1352 3378; x_wconf 92' lang='lat' dir='ltr'>sunt.</span> 
     </span>
     <span class='ocr_line' id='line_1_27' title="bbox 314 3411 1353 3514; baseline 0.007 -30"><span class='ocrx_word' id='word_1_182' title='bbox 314 3504 320 3512; x_wconf 26' lang='grc' dir='ltr'><strong><em>Ι</em></strong></span> <span class='ocrx_word' id='word_1_183' title='bbox 362 3411 411 3487; x_wconf 90' lang='grc' dir='ltr'>Β.</span> <span class='ocrx_word' id='word_1_184' title='bbox 438 3414 685 3488; x_wconf 87' lang='lat' dir='ltr'>Ratiocinatio</span> <span class='ocrx_word' id='word_1_185' title='bbox 709 3439 791 3512; x_wconf 88' lang='lat' dir='ltr'>quae</span> <span class='ocrx_word' id='word_1_186' title='bbox 816 3415 994 3513; x_wconf 89' lang='lat' dir='ltr'>incipiens</span> <span class='ocrx_word' id='word_1_187' title='bbox 1011 3440 1034 3488; x_wconf 90' lang='lat' dir='ltr'>a</span> <span class='ocrx_word' id='word_1_188' title='bbox 1049 3416 1146 3490; x_wconf 91' lang='lat' dir='ltr'>veris</span> <span class='ocrx_word' id='word_1_189' title='bbox 1162 3417 1353 3514; x_wconf 86' lang='lat' dir='ltr'>principiis</span> 
     </span>
     <span class='ocr_line' id='line_1_28' title="bbox 310 3527 1352 3627; baseline 0.006 -28"><span class='ocrx_word' id='word_1_190' title='bbox 310 3527 580 3600; x_wconf 84' lang='lat' dir='ltr'>conclusionem</span> <span class='ocrx_word' id='word_1_191' title='bbox 609 3540 710 3602; x_wconf 88' lang='lat' dir='ltr'>recte</span> <span class='ocrx_word' id='word_1_192' title='bbox 734 3528 859 3618; x_wconf 85' lang='lat' dir='ltr'>infert,</span> <span class='ocrx_word' id='word_1_193' title='bbox 885 3529 1033 3627; x_wconf 92' lang='lat' dir='ltr'>proprie</span> <span class='ocrx_word' id='word_1_194' title='bbox 1050 3528 1185 3602; x_wconf 85' lang='lat' dir='ltr'>dicitnr</span> <span class='ocrx_word' id='word_1_195' title='bbox 1202 3529 1352 3605; x_wconf 91' lang='lat' dir='ltr'>demon-</span> 
     </span>
     <span class='ocr_line' id='line_1_29' title="bbox 310 3640 1352 3738; baseline 0.005 -25"><span class='ocrx_word' id='word_1_196' title='bbox 310 3640 452 3714; x_wconf 90' lang='lat' dir='ltr'>stratio.</span> <span class='ocrx_word' id='word_1_197' title='bbox 503 3640 634 3738; x_wconf 90' lang='lat' dir='ltr'>Neque</span> <span class='ocrx_word' id='word_1_198' title='bbox 668 3641 778 3715; x_wconf 93' lang='lat' dir='ltr'>credo</span> <span class='ocrx_word' id='word_1_199' title='bbox 809 3642 1044 3716; x_wconf 87' lang='lat' dir='ltr'>Aristotelem</span> <span class='ocrx_word' id='word_1_200' title='bbox 1075 3641 1352 3718; x_wconf 88' lang='lat' dir='ltr'>demonstratio·</span> 
     </span>
     <span class='ocr_line' id='line_1_30' title="bbox 310 3754 1352 3851; baseline 0.004 -25"><span class='ocrx_word' id='word_1_201' title='bbox 310 3777 395 3826; x_wconf 93' lang='lat' dir='ltr'>nem</span> <span class='ocrx_word' id='word_1_202' title='bbox 425 3778 575 3828; x_wconf 86' lang='lat' dir='ltr'>vocasse</span> <span class='ocrx_word' id='word_1_203' title='bbox 607 3778 654 3827; x_wconf 92' lang='lat' dir='ltr'>ne</span> <span class='ocrx_word' id='word_1_204' title='bbox 689 3755 835 3851; x_wconf 92' lang='lat' dir='ltr'>quidem</span> <span class='ocrx_word' id='word_1_205' title='bbox 879 3775 925 3826; x_wconf 75' lang='lat' dir='ltr'>roa</span> <span class='ocrx_word' id='word_1_206' title='bbox 957 3768 997 3825; x_wconf 72' lang='lat' dir='ltr'>tn</span> <span class='ocrx_word' id='word_1_207' title='bbox 1032 3754 1352 3830; x_wconf 88' lang='lat' dir='ltr'>ratiocinationem</span> 
     </span>
     <span class='ocr_line' id='line_1_31' title="bbox 311 3866 1353 3964; baseline 0.005 -26"><span class='ocrx_word' id='word_1_208' title='bbox 311 3867 424 3939; x_wconf 90' lang='lat' dir='ltr'>ullam</span> <span class='ocrx_word' id='word_1_209' title='bbox 452 3867 492 3939; x_wconf 90' lang='lat' dir='ltr'>in</span> <span class='ocrx_word' id='word_1_210' title='bbox 523 3890 596 3963; x_wconf 88' lang='lat' dir='ltr'>qua</span> <span class='ocrx_word' id='word_1_211' title='bbox 626 3879 723 3940; x_wconf 92' lang='lat' dir='ltr'>esset</span> <span class='ocrx_word' id='word_1_212' title='bbox 753 3866 1031 3964; x_wconf 87' lang='lat' dir='ltr'>paralogismus.</span> <span class='ocrx_word' id='word_1_213' title='bbox 1095 3866 1353 3943; x_wconf 88' lang='lat' dir='ltr'>Necessarium</span> 
     </span>
     <span class='ocr_line' id='line_1_32' title="bbox 311 3978 1353 4078; baseline -0.002 -20"><span class='ocrx_word' id='word_1_214' title='bbox 311 4001 401 4075; x_wconf 86' lang='lat' dir='ltr'>ergo</span> <span class='ocrx_word' id='word_1_215' title='bbox 418 3992 475 4053; x_wconf 91' lang='lat' dir='ltr'>est</span> <span class='ocrx_word' id='word_1_216' title='bbox 491 3992 534 4053; x_wconf 92' lang='lat' dir='ltr'>ut</span> <span class='ocrx_word' id='word_1_217' title='bbox 557 3981 780 4054; x_wconf 87' lang='lat' dir='ltr'>intellexerit</span> <span class='ocrx_word' id='word_1_218' title='bbox 801 3978 1120 4054; x_wconf 89' lang='lat' dir='ltr'>ratiocinationem</span> <span class='ocrx_word' id='word_1_219' title='bbox 1149 4004 1232 4078; x_wconf 85' lang='lat' dir='ltr'>quae</span> <span class='ocrx_word' id='word_1_220' title='bbox 1260 3981 1353 4056; x_wconf 93' lang='lat' dir='ltr'>inci-</span> 
     </span>
     <span class='ocr_line' id='line_1_33' title="bbox 310 4090 1352 4189; baseline 0.006 -27"><span class='ocrx_word' id='word_1_221' title='bbox 310 4091 378 4187; x_wconf 91' lang='lat' dir='ltr'>pit,</span> <span class='ocrx_word' id='word_1_222' title='bbox 395 4114 470 4164; x_wconf 90' lang='lat' dir='ltr'>non</span> <span class='ocrx_word' id='word_1_223' title='bbox 487 4116 510 4165; x_wconf 88' lang='lat' dir='ltr'>a</span> <span class='ocrx_word' id='word_1_224' title='bbox 527 4092 811 4179; x_wconf 87' lang='lat' dir='ltr'>definitionibus,</span> <span class='ocrx_word' id='word_1_225' title='bbox 839 4090 904 4164; x_wconf 90' lang='lat' dir='ltr'>sed</span> <span class='ocrx_word' id='word_1_226' title='bbox 922 4093 1166 4188; x_wconf 88' lang='lat' dir='ltr'>asuppositis,</span> <span class='ocrx_word' id='word_1_227' title='bbox 1185 4094 1352 4189; x_wconf 91' lang='lat' dir='ltr'>qualibus</span> 
     </span>
     <span class='ocr_line' id='line_1_34' title="bbox 311 4204 1352 4307; baseline 0.008 -33"><span class='ocrx_word' id='word_1_228' title='bbox 311 4213 466 4276; x_wconf 90' lang='lat' dir='ltr'>utuntur</span> <span class='ocrx_word' id='word_1_229' title='bbox 491 4204 648 4301; x_wconf 90' lang='lat' dir='ltr'>phycici,</span> <span class='ocrx_word' id='word_1_230' title='bbox 680 4208 894 4303; x_wconf 90' lang='lat' dir='ltr'>plerumque</span> <span class='ocrx_word' id='word_1_231' title='bbox 929 4205 1091 4280; x_wconf 89' lang='lat' dir='ltr'>incertis.</span> <span class='ocrx_word' id='word_1_232' title='bbox 1144 4208 1230 4280; x_wconf 90' lang='lat' dir='ltr'>Non</span> <span class='ocrx_word' id='word_1_233' title='bbox 1264 4232 1352 4307; x_wconf 92' lang='lat' dir='ltr'>ergo</span> 
     </span>
    </p>
   </div>
   <div class='ocr_carea' id='block_1_3' title="bbox 312 4315 1352 4415">
    <p class='ocr_par' dir='ltr' id='par_1_6' title="bbox 312 4315 1352 4415">
     <span class='ocr_line' id='line_1_35' title="bbox 312 4315 1352 4415; baseline 0.005 -26"><span class='ocrx_word' id='word_1_234' title='bbox 312 4315 517 4390; x_wconf 90' lang='lat' dir='ltr'>debuerunt</span> <span class='ocrx_word' id='word_1_235' title='bbox 533 4319 753 4415; x_wconf 87' lang='lat' dir='ltr'>interpretes</span> <span class='ocrx_word' id='word_1_236' title='bbox 768 4321 845 4415; x_wconf 90' lang='lat' dir='ltr'>ejus</span> <span class='ocrx_word' id='word_1_237' title='bbox 858 4317 1209 4395; x_wconf 88' lang='lat' dir='ltr'>demonstrationem</span> <span class='ocrx_word' id='word_1_238' title='bbox 1224 4343 1273 4393; x_wconf 76' lang='lat' dir='ltr'>ros</span> <span class='ocrx_word' id='word_1_239' title='bbox 1284 4333 1352 4394; x_wconf 72' lang='grc' dir='ltr'>διότι</span> 
     </span>
    </p>
   </div>
   <div class='ocr_carea' id='block_1_4' title="bbox 0 0 1485 5010">
    <p class='ocr_par' dir='ltr' id='par_1_7' title="bbox 0 0 1485 5010">
     <span class='ocr_line' id='line_1_36' title="bbox 0 0 1485 5010; baseline 0 0"><span class='ocrx_word' id='word_1_240' title='bbox 0 0 1485 5010; x_wconf 95' lang='lat' dir='ltr'> </span> 
     </span>
    </p>
   </div>
  </div>
 </body>
</html>
