2946 5010
334 1021 422 1072 VIRO
444 1022 659 1075 CLARISSIMO
680 1026 726 1076 ET
747 1027 960 1080 Anssclssmlo

275 1205 592 1290 SAMUELI
658 1206 1011 1292 SORBERIO

436 1437 641 1506 THOMAS
664 1439 853 1508 HOBBES

605 1617 680 1670 sl).

70 1980 201 2051 lurore
215 1980 316 2051 varia
333 1978 493 2053 ludentis
511 1992 654 2052 naturae
672 1981 892 2074 spectacula,
907 1979 1116 2055 doctissime
1131 1984 1217 2058 Sor-

69 2097 160 2183 beri,
192 2121 274 2193 quae
303 2122 369 2193 per
399 2099 580 2193 sphaeram
616 2097 772 2170 vitream
811 2123 1010 2172 concavam
1051 2101 1219 2175 exhibuit

69 2238 187 2310 nuper
204 2216 261 2287 vir
281 2239 416 2311 genere
440 2228 477 2289 et
495 2215 643 2311 ingenio
667 2215 800 2288 nobilis
829 2217 868 2288 in
888 2216 1087 2290 Academia
1120 2220 1217 2293 Lou-

69 2329 226 2419 dinensi‚
254 2332 317 2404 illa
342 2334 381 2405 in
409 2332 536 2428 primis
554 2333 765 2428 cognitione
791 2344 856 2406 tua
881 2333 994 2428 digna
1020 2347 1107 2408 sunt
1134 2361 1218 2433 qaeu

69 2449 256 2542 pertinent
273 2448 320 2521 ad
338 2462 509 2522 naturam
527 2450 646 2532 aeris;
666 2449 830 2545 adeoque
848 2450 895 2522 ad
913 2463 1031 2524 artem
1050 2463 1163 2542 tuam,
1177 2454 1215 2527 in

70 2590 141 2661 qua
165 2567 323 2655 excellis,
347 2567 434 2641 vitae
468 2568 651 2654 humanae,
689 2580 868 2663 quantum
901 2569 1043 2664 patitur
1072 2581 1216 2658 natura,

68 2685 339 2758 conservandae.
394 2684 583 2780 Sphaeram
607 2683 703 2756 hanc
731 2707 804 2755 una
832 2707 917 2756 cum
946 2696 1025 2758 tota
1047 2685 1218 2760 machina

68 2812 106 2872 et
123 2824 192 2872 usu
216 2803 294 2896 ejus
322 2803 359 2873 in
390 2801 535 2897 dialogo
560 2812 748 2896 sequente,
771 2817 949 2896 quantum
973 2802 1051 2874 sine
1071 2802 1218 2898 pictura

67 2918 183 3012 potui,
207 2916 394 3013 descripsi.
454 2919 556 2990 lnter
578 2918 650 2990 alia
678 2931 801 2990 autem
828 2919 906 3012 ejus
928 2919 1105 2992 miracula
1123 2920 1217 2993 scitu

69 3033 192 3128 digna,
207 3034 425 3108 commendo
444 3036 511 3107 tibi
541 3035 624 3122 hoc,
643 3035 786 3107 caeteris
817 3035 973 3122 omissiS,
992 3059 1106 3107 unum
1130 3060 1218 3109 con·

69 3150 325 3224 siderandum:
345 3152 443 3248 quod
457 3153 594 3224 animal
613 3153 650 3224 in
666 3177 709 3225 eo
724 3153 917 3241 inclusum,
932 3165 1083 3249 propter
1097 3167 1216 3226 muta-

68 3267 206 3339 tionem
218 3268 404 3363 quandam
415 3270 509 3340 aeris
521 3269 560 3340 in
570 3269 714 3365 sphaera
724 3269 762 3341 in
775 3293 848 3365 qua
856 3269 1057 3342 includitur
1067 3269 1216 3359 factam,

68 3386 174 3458 valde
209 3388 284 3459 cito
320 3388 510 3459 moriatur.
581 3387 738 3459 Causam
774 3388 904 3460 mortis
938 3387 1104 3483 plerique
1139 3411 1218 3461 esse

68 3505 207 3592 dicunt,
226 3504 325 3599 quod
353 3528 416 3577 aer
444 3505 541 3577 intra
568 3504 762 3599 sphaeram,
789 3529 862 3600 quo
891 3505 1018 3578 vivunt
1045 3504 1218 3578 animalia

67 3622 192 3694 omnia
210 3623 342 3717 quibus
359 3634 447 3694 sunt
464 3621 667 3719 pulmones,
687 3633 840 3693 exuctus
858 3620 917 3692 sit.
969 3621 1048 3715 Ego
1073 3633 1215 3710 contra,

66 3763 186 3834 neque
214 3764 336 3812 aerem
366 3740 475 3835 exugi
498 3763 618 3835 posse,
637 3762 755 3832 neque
774 3737 954 3810 inclusum
975 3735 1124 3823 animal,
1147 3737 1216 3809 etsi

67 3869 222 3929 exuctus
262 3871 370 3946 esset,
414 3869 492 3931 tam
532 3859 606 3930 cito
647 3856 868 3928 moriturum
913 3878 992 3927 esse
1033 3854 1217 3926 existimo.

66 3974 175 4046 Actio
200 3974 361 4069 quidem,
386 3999 496 4070 qnam
522 3998 621 4048 mors
652 3974 714 4045 illa
744 3973 921 4068 sequitur,
949 3970 1066 4042 videri
1091 3983 1216 4066 potest

66 4092 124 4164 vel
150 4092 268 4164 suctio
304 4092 484 4186 quaedam,
520 4104 557 4163 et
591 4102 788 4186 propterea
821 4086 1016 4159 exuctione
1051 4087 1215 4159 conclusi

66 4211 161 4282 aeris
195 4210 350 4282 interfici
381 4210 528 4296 animal,
558 4208 796 4304 respiratione
825 4205 980 4290 sublata,
1011 4202 1069 4275 vel
1104 4203 1215 4275 etiam

65 4327 268 4424 compulsio
293 4328 388 4399 aeris
406 4328 452 4399 ab
471 4326 571 4398 omni
589 4337 694 4421 parte
713 4347 838 4397 versus
866 4336 1035 4395 centrum
1062 4322 1216 4416 sphaerae
