2946 5010
356 439 668 494 uannumamcm
687 440 929 494 noomaum.
1111 423 1159 491 39

123 604 360 701 interpretari
390 606 638 706 potissimam,
674 604 740 679 sed
772 605 986 703 simpliciter
1015 605 1159 678 demam
1199 633 1349 675 nmmum

123 718 352 794 strationem.
1201 714 1344 817 ,ξύ

174 832 224 906 Α.
249 833 406 908 Videtur
422 832 460 906 id
477 832 633 907 voluisse
643 832 873 921 Aristoteles,
890 855 1009 926 neque
1026 830 1162 905 dissen-

123 944 240 1019 tiente
256 945 433 1035 Wallisio,
450 945 514 1042 qui
540 969 621 1020 eam
645 945 805 1042 appellat
827 957 1086 1041 argumentum
1114 945 1161 1018 ab

124 1059 270 1133 effectu.
309 1058 515 1134 Dicendum
531 1083 619 1154 ergo
632 1069 699 1149 est,
713 1058 849 1154 duplici
863 1057 1161 1154 philosophorum

124 1171 366 1269 inquisitioni,
383 1172 556 1247 nimirum
573 1173 770 1246 effectuum
787 1195 832 1244 ex
849 1171 968 1245 causis
984 1182 1021 1244 et
1038 1194 1163 1244 causa·

124 1308 209 1357 rum
221 1308 269 1358 ex
280 1285 483 1373 effectibus,
497 1285 630 1381 duplex
643 1284 862 1381 respondere
874 1283 1163 1358 ratiocinationis

124 1420 255 1493 genus,
272 1419 405 1493 nempe
426 1396 553 1495 priori,
579 1396 940 1486 demonstrationem,
958 1396 997 1470 id
1019 1408 1087 1485 est,
1103 1421 1162 1470 ra-

124 1509 402 1585 tiocinationem
415 1533 460 1583 ex
474 1509 757 1600 definitionibus,
771 1534 854 1607 quae
871 1522 927 1584 est
940 1509 1162 1596 scientifica;

124 1623 331 1719 posteriori,
349 1621 666 1697 ratiocinationem
692 1647 737 1697 ex
756 1623 1021 1720 hypothesibus
1047 1623 1163 1720 possi-

125 1736 281 1820 bilibus;
299 1735 464 1832 quaeetsi
480 1736 679 1810 scientifica
695 1736 844 1825 nonsit,
858 1735 889 1810 si
906 1748 1030 1809 tamen
1041 1737 1163 1810 nullus

126 1861 303 1946 appareat
319 1849 482 1940 effectus,
492 1872 540 1922 ne
551 1848 590 1923 in
599 1849 812 1946 longissimo
825 1848 973 1945 quidem
986 1863 1163 1945 tempore,

128 1987 212 2060 quae
232 1961 454 2060 hypothesin
481 1961 689 2058 redarguat,
716 1961 807 2035 facit
828 1973 872 2034 ut
894 1961 1036 2034 animus
1057 1961 1097 2034 in
1120 1985 1165 2035 ea

127 2075 278 2150 tandem
303 2075 524 2171 acquiescat,
551 2098 627 2147 non
651 2074 771 2147 minus
798 2096 907 2168 quam
936 2072 1163 2147 inscientia.

128 2189 279 2262 Frustra
289 2201 414 2262 autem
425 2188 803 2262 demonstrationisms
816 2186 1063 2282 tuquaerimus
1076 2186 1164 2260 defi-

127 2301 319 2392 nitionem,
329 2325 413 2397 quae
430 2300 692 2375 demonstratio
708 2324 784 2375 non
801 2314 868 2376 est.
904 2299 1077 2396 Sequitur
1090 2299 1164 2374 dis·

127 2414 272 2512 putatio
301 2415 379 2510 ejus
408 2426 539 2488 contra
565 2414 823 2512 Smigleoium3
850 2416 969 2512 primo
999 2413 1044 2487 de
1065 2413 1168 2488 Este

128 2526 407 2602 Mathematico.
440 2526 542 2602 Quid
554 2527 603 2600 sit
615 2551 680 2601 ens
696 2527 1008 2617 mathematicum,
1021 2551 1097 2601 non
1113 2526 1168 2602 ita

128 2640 224 2714 bene
235 2640 415 2738 intelligo,
428 2651 472 2715 ut
492 2639 623 2736 ipsum,
637 2640 668 2715 si
686 2666 777 2738 opus
795 2654 902 2732 esset,
915 2665 1060 2738 possem
1077 2640 1167 2716 defi-

128 2754 221 2842 nire,
231 2765 297 2827 aut
307 2753 394 2826 satis
404 2752 629 2849 distinguere
642 2753 688 2827 ab
706 2766 792 2828 ente
808 2753 1071 2851 metaphysico,
1082 2766 1167 2828 ente

128 2866 291 2964 physico,
306 2877 390 2939 ente
413 2865 546 2963 logico,
564 2878 649 2940 ente
666 2867 849 2956 rationali,
868 2879 951 2942 ente
968 2867 1167 2942 intention-

129 2979 189 3070 ali,
200 2990 241 3053 et
252 2978 442 3064 similibus,
456 3003 538 3075 quae
554 3003 653 3053 nunc
666 2982 801 3077 passim
815 2991 1024 3068 occurrunt,
1035 3004 1167 3076 neque,

130 3092 231 3190 quod
246 3102 338 3189 puto
355 3092 457 3165 brevi
473 3092 728 3167 introducetur
745 3118 768 3167 a
784 3095 1003 3191 symbolicis,
1018 3095 1063 3168 ab
1082 3105 1168 3167 ente

129 3206 342 3304 symbolico.
377 3205 520 3280 Deinde
535 3205 699 3280 defendit
712 3207 875 3281 Euclidis
888 3207 1167 3280 demonstratio·

130 3342 215 3393 nem
226 3317 389 3392 omnium
402 3319 559 3414 primam
569 3331 699 3392 contra
711 3318 959 3417 Smiglecium,
970 3342 1044 3391 non
1060 3318 1168 3407 male,

130 3431 201 3506 nisi
231 3431 331 3529 quod
352 3431 562 3505 addendum
589 3455 667 3505 esse
697 3432 808 3522 dicat,
834 3433 873 3505 im
896 3430 999 3505 nulla
1025 3429 1168 3527 quidem

129 3544 286 3618 scientio
311 3544 576 3642 expectandum
602 3569 694 3635 esse,
721 3556 760 3620 ut
789 3570 910 3619 ommes
944 3544 1078 3617 ibidem
1107 3541 1167 3614 dc·

130 3656 415 3732 murationes
448 3657 581 3754 aequali
603 3659 849 3758 perfectionis
875 3657 1007 3756 gradu
1030 3679 1168 3756 prooe-

132 3771 233 3844 dunt.
285 3771 382 3844 Nam
402 3771 731 3846 demonstrationes
749 3784 868 3862 vocat,
887 3796 969 3868 quae
991 3793 1066 3842 non
1084 3780 1169 3841 sunt

131 3884 365 3969 scientificae;
392 3908 476 3957 oum
493 3898 617 3957 tamen
632 3886 737 3959 initio
754 3887 862 3981 hujus
879 3883 1008 3981 capitis
1021 3882 1169 3955 demon·

131 3998 347 4072 strationem
365 3996 582 4094 appellasset
594 4015 784 4092 συλλογισμὸν
796 4014 998 4091 ἐπιςημονικὸν.
1041 3996 1169 4090 Itaque

127 4111 234 4207 juxta
258 4109 374 4198 illum,
402 4133 528 4183 eorum
562 4134 644 4206 quae
678 4107 824 4196 scimus,
854 4108 926 4181 alia
957 4110 1075 4205 magis
1098 4109 1170 4181 alia

131 4225 252 4298 minus
278 4223 437 4307 scimus;
463 4223 562 4320 quod
584 4237 640 4296 est
657 4218 1073 4295 absurdum—Abmrdc
1089 4221 1169 4316 artf-

120 4338 219 4431 ficlb
238 4360 443 4435 quanquam
452 4336 601 4432 possim
619 4334 891 4408 immisceamur
905 4334 990 4407 atioe
1006 4359 1053 4409 roo
1066 4350 1170 4408 tn.-
