2946 5010
484 427 819 480 seonurunnum.
1088 412 1160 478 '421

126 591 398 687 magnitudine:
425 592 559 666 namsi
583 617 658 666 uon
682 605 805 665 essent
832 591 1084 688 aequiangulae,
1101 605 1166 666 aut
1207 619 1276 660 cm.
1291 619 1346 660 ιιι.

125 727 201 776 non
217 703 397 778 haberent
413 705 530 778 latera
547 705 645 778 circa
665 705 821 802 aequales
839 704 993 801 angulos
1011 728 1165 800 propor-
1204 688 1347 794 {Tm}

126 816 288 905 tionalia‚
307 841 381 890 non
400 830 494 891 esset
512 818 610 890 inter
626 840 687 891 aas
704 818 780 891 ulla
795 819 924 914 figurae
950 817 1163 892 similitudo.
1208 814 1336 859 ’ΜΨ

124 929 260 1002 Eadem
279 954 366 1025 ergo
385 943 441 1002 est
465 931 559 1004 ratio
577 932 642 1004 ΑΒ
666 930 714 1003 ad
737 931 817 1020 DB,
835 955 916 1027 quae
934 930 998 1003 CA
1016 930 1063 1004 ad
1088 931 1163 1006 DF.

124 1042 197 1116 Sed
215 1054 256 1116 ut
273 1042 340 1115 AB
357 1041 404 1115 ad
428 1043 505 1131 BD,
524 1044 577 1116 ita
595 1055 742 1116 ostensa
765 1056 822 1117 est
845 1067 924 1116 esse
942 1044 1006 1117 CA
1024 1043 1070 1116 ad
1089 1043 1162 1117 EC.

125 1157 219 1229 Sunt
248 1179 336 1251 ergo
363 1155 427 1228 DF
449 1167 487 1229 et
510 1156 571 1230 EC
588 1157 771 1252 aequales:
799 1167 836 1229 et
857 1155 1012 1252 proinde
1033 1155 1163 1248 (ducta

124 1270 204 1363 DE)
225 1270 409 1365 triangula
426 1269 537 1358 ΑΒΕ,
549 1269 647 1342 ABC
666 1282 752 1343 sunt
769 1269 912 1342 similia.

175 1382 232 1456 nd
266 1382 518 1456 definitionem
552 1382 658 1471 hano,
688 1381 958 1478 propositiones
976 1380 1047 1455 illae
1077 1406 1159 1479 quae

123 1507 327 1593 sequuntur
354 1494 392 1567 in
422 1495 614 1568 Elemento
640 1495 780 1590 quinto,
804 1494 851 1566 de
878 1494 1159 1589 permutatione,

122 1608 373 1696 conversione,
401 1606 666 1703 compositione
694 1618 778 1695 etc,
806 1607 1003 1697 rationum,
1032 1632 1159 1681 accur-

122 1733 230 1794 runt:
262 1733 301 1794 et
327 1720 375 1793 ad
397 1722 517 1793 lucem
544 1722 622 1816 ejus
645 1744 772 1793 omnes
797 1719 874 1793 fere
900 1744 978 1793 sese
1010 1720 1160 1793 demon-

122 1843 252 1906 strant.
331 1833 494 1906 Euclidis
527 1847 651 1906 autem
682 1832 1013 1906 demonstrationes
1048 1832 1159 1928 duplo

122 1946 246 2041 plures
271 1957 369 2035 sunt,
399 1957 594 2042 propterea
620 1945 718 2043 quod
748 1946 844 2018 idem
879 1946 917 2019 in
950 1946 1159 2042 quantitate

124 2059 299 2132 continua
319 2059 471 2132 seorsim
487 2083 509 2131 a
527 2059 686 2132 numeris
704 2057 955 2131 demonstrat:
987 2068 1025 2131 et
1041 2058 1159 2131 multo

123 2172 307 2267 longiores
328 2195 437 2267 quam
466 2182 546 2244 erat
570 2194 729 2261 necesse,
757 2184 908 2267 propter
935 2171 1165 2244 sterilitatem

124 2284 350 2357 definitionis
367 2284 531 2358 rationis.

174 2397 285 2471 “Sed
316 2397 439 2493 quid”,
467 2396 621 2494 inquies,
650 2400 776 2492 “opus
806 2406 863 2469 est
889 2396 1159 2468 theorematum

124 2535 214 2608 pure
241 2509 549 2607 geometricorum
567 2509 898 2583 demonstrationes
925 2533 947 2581 a
969 2520 1073 2581 motu
1101 2530 1161 2603 pe-

123 2637 202 2698 tere
215 2625 251 2697 i'’
287 2623 504 2718 Respondeo
517 2622 652 2719 primo:
672 2621 1002 2695 demonstrationes
1019 2643 1158 2705 omnes,

123 2739 192 2812 nisi
210 2737 420 2813 scientificae
437 2737 523 2825 sint,
540 2737 679 2810 vitiosae
702 2749 809 2819 suut;
837 2747 875 2807 et
901 2735 970 2808 nisi
999 2758 1021 2807 a
1043 2733 1163 2807 causis

122 2852 337 2949 procedant,
369 2850 578 2923 scientificae
608 2874 682 2922 non
712 2858 808 2921 sunt.
878 2846 1059 2933 Secundo,
1093 2845 1163 2919 nisi

123 2966 377 3039 conclusiones
395 2987 418 3036 a
434 2963 718 3050 constructione,
737 2960 776 3032 id
794 2972 861 3045 est,
879 2984 902 3032 a
919 2959 1163 3055 descriptione

123 3080 336 3174 figurarum,
349 3075 388 3149 id
405 3088 473 3162 est,
486 3097 509 3147 a
524 3074 702 3147 linearum
721 3072 894 3145 ductione
912 3073 1161 3144 demonstren-

124 3200 196 3279 tur,
214 3191 354 3263 vitiosae
371 3200 469 3261 suut.
519 3188 602 3259 Jam
620 3185 737 3259 omnis
753 3185 931 3258 linearum
948 3184 1072 3257 ductio
1086 3206 1164 3254 mo·

124 3313 184 3373 tus
214 3314 293 3373 est:
329 3301 453 3394 itaque
487 3297 619 3370 vitiosa
647 3309 703 3370 est
737 3296 854 3368 omnis
888 3294 1165 3377 demonstratio,

125 3414 228 3508 cujus
255 3411 435 3507 principia
463 3409 583 3505 prima
605 3433 680 3481 nou
708 3408 945 3480 continentur
968 3407 1006 3479 in
1035 3406 1163 3479 defini·

124 3526 285 3598 tionibus
304 3535 470 3597 motuum
488 3523 617 3618 quibus
635 3522 762 3617 figurae
776 3518 1045 3593 describuntur.
1090 3517 1164 3592 Sed

123 3650 208 3736 post
226 3638 456 3710 theoremata
472 3634 610 3731 aliquot
627 3633 745 3730 prima
758 3633 1019 3720 demonstrata,
1031 3643 1165 3705 caetera

125 3752 170 3824 ab
189 3750 245 3823 his
264 3747 509 3844 dependentia
525 3771 600 3820 uon
618 3758 729 3844 egent
750 3746 1063 3821 demonstratione
1081 3768 1164 3841 quae

124 3863 166 3935 fit
184 3887 206 3934 a
222 3873 337 3948 motu,
355 3872 398 3932 ut
415 3883 571 3955 quorum
594 3859 923 3934 demonstrationes
949 3858 987 3932 in
1011 3858 1162 3931 demon-

124 3975 362 4050 strationibus
376 3974 539 4068 priorum
550 3972 807 4046 continentur:
826 3995 895 4045 nec
908 3971 979 4045 alia
990 3995 1030 4045 re
1041 3982 1163 4068 egent,

125 4104 167 4163 ut
195 4088 458 4183 intelligantur,
482 4096 617 4182 praeter
644 4085 788 4159 illorum
814 4085 978 4183 priorum
1004 4084 1163 4180 explica-

126 4205 277 4292 tionem,
295 4200 353 4274 vel
371 4198 655 4274 conversionem.
