2946 5010
376 1047 644 1135 DIALOGUS
671 1049 934 1139 PHYSICUS

276 1273 368 1371 DE
439 1274 726 1373 NATURA
794 1279 1031 1376 AERIS.

617 1509 686 1546 ITEM

413 1625 464 1679 DE
484 1626 776 1682 DUPLICATIONE
795 1629 898 1682 CUBI.

535 1824 781 1837 —

535 1844 780 1853 ——

185 2002 231 2073 A.
258 2003 423 2076 Orrauo
438 2016 474 2075 te
492 2003 611 2076 video.

185 2117 232 2189 B.
260 2117 308 2189 Et
325 2141 395 2213 ego
414 2131 451 2188 te
469 2117 626 2189 libenter
643 2116 770 2201 audio;
797 2141 883 2189 nam
902 2116 1009 2190 video
1028 2117 1176 2213 quidem

136 2229 238 2315 nihil,
257 2230 310 2301 ita
327 2254 386 2302 me
400 2230 591 2302 clarissimi
609 2228 682 2302 diei
700 2231 823 2325 fulgor
841 2231 1052 2304 occaecavit.

185 2340 231 2412 A.
260 2343 389 2415 Asside
413 2344 527 2438 igitur
544 2344 647 2433 mihi,
666 2344 783 2417 donec
813 2356 935 2417 motus
962 2345 1024 2418 ille
1049 2345 1178 2439 organi

136 2456 261 2527 visorii
279 2456 496 2529 immodicus
513 2457 703 2531 resederit.

185 2569 235 2640 B.
265 2570 365 2642 Bene
389 2594 527 2644 mones
581 2571 684 2644 Solet
710 2571 819 2659 enim,
838 2571 982 2667 opinor,
1000 2571 1178 2645 lassitudo

137 2711 159 2759 a
189 2687 311 2760 calore
340 2687 426 2759 solis
456 2688 667 2784 hujusmodi
691 2688 885 2783 caliginem
912 2688 1179 2785 aliquantulum

136 2825 282 2896 augere.
337 2802 410 2875 Sed
427 2801 603 2898 operandi
626 2802 788 2891 modum,
807 2826 879 2898 quo
909 2803 1000 2875 tales
1028 2803 1180 2875 effeetus

136 2915 306 3009 producit
323 2926 388 2987 aut
404 2915 466 2988 lux
484 2929 550 2989 aut
568 2918 678 3006 calor,
697 2941 770 2989 nou
789 2917 877 2988 satis
895 2914 1014 2989 video.
1069 2916 1179 2991 Quod

137 3029 255 3100 omnis
273 3053 348 3102 uon
365 3028 474 3101 modo
499 3032 631 3119 sensio,
650 3030 715 3103 sed
742 3030 854 3102 etiam
878 3029 997 3102 omnis
1024 3029 1179 3101 mutatio

136 3152 256 3213 motus
273 3142 404 3239 aliquis
422 3143 470 3215 sit
487 3144 525 3215 in
544 3144 727 3216 sentiente
740 3153 778 3214 et
795 3152 948 3230 mutato,
969 3152 1006 3214 et
1023 3141 1122 3237 quod
1148 3141 1179 3214 is

136 3267 257 3328 motus
274 3281 297 3328 a
313 3268 485 3329 movente
513 3257 634 3353 aliquo
659 3267 812 3328 externo
840 3266 1038 3349 generatus
1056 3255 1115 3341 sit,
1133 3277 1179 3326 ex

136 3393 208 3465 quo
221 3380 388 3464 tempore
399 3382 441 3442 tu
451 3369 541 3442 illud
559 3369 663 3442 nobis
681 3369 821 3464 primus
833 3365 1093 3440 demonstrasti
1103 3390 1178 3439 uon

136 3482 292 3577 amplius
310 3483 450 3557 dubito.
504 3483 600 3555 Nam
617 3494 728 3554 antea
740 3504 867 3553 omues
880 3481 956 3553 fere
969 3481 1177 3575 negabant;

136 3595 222 3691 quia
238 3596 335 3668 forte
346 3607 497 3685 stantes,
510 3595 690 3685 sedentes,
705 3596 893 3681 cubantes,
906 3605 1030 3666 tamen
1041 3593 1178 3666 sentire

136 3732 175 3781 se
194 3710 283 3781 satis
300 3710 567 3805 intelligebant.

187 3823 222 3894 Α
228 3879 235 3893 .
265 3824 480 3912 Potuerunt,
491 3836 644 3920 propter
661 3820 817 3895 eandem
834 3843 996 3904 oausam,
1007 3819 1177 3892 dubitare

135 3962 184 4009 an
202 3949 240 4009 et
258 3938 406 4032 sanguis
425 3962 551 4010 eorum
580 3948 811 4017 moveretur;
839 3957 926 4007 nam
953 3944 1095 4004 motum
1122 3931 1179 4003 sui

136 4051 336 4144 sanguinis,
354 4051 423 4123 nisi
437 4049 583 4146 quando
598 4049 810 4136 effunditur,
828 4047 940 4120 sentit
956 4070 1078 4118 nemo.

189 4162 238 4236 B.
265 4165 314 4235 Et
331 4161 548 4235 dubitabant
565 4162 713 4258 quidem
723 4172 810 4234 ante
825 4161 1027 4233 Harvaeum
1038 4179 1178 4230 omues.

139 4276 248 4349 Nune
283 4291 406 4348 autem
441 4286 479 4348 et
508 4278 730 4348 sententiam
760 4273 911 4348 Harvaei
940 4296 1065 4346 veram
1100 4295 1179 4345 esse
