2946 5010
471 415 806 471 unonnrsasuu.
1087 402 1161 479 427

121 583 179 657 vel
206 591 229 655 6
252 581 299 654 ad
318 589 352 654 3.
405 582 545 656 Rursus
573 582 612 657 in
642 584 771 659 iisdem
805 583 968 658 numeris
997 584 1162 673 inversis,
1196 610 1265 651 cm.
1280 608 1344 649 xm.

122 703 356 783 2-4.3-6,
373 695 623 791 multiplicatis
651 698 748 772 inter
774 721 813 771 se
838 711 917 770 tum
943 695 1163 770 antecedeu·
1190 677 1347 780 QX„

122 810 222 883 tibus
239 818 319 881 tum
336 808 654 904 consequentibus,
668 811 787 884 oritur
802 811 898 885 ratio
915 819 938 883 6
957 809 1005 882 ad
1022 819 1069 883 24
1088 808 1164 882 sive
1191 799 1284 846 “llll

129 923 337 1018 lad4,quae
351 931 407 994 est
420 920 908 1017 duplicatarationisaada.
937 923 1077 995 Rursus
1090 921 1166 995 sint

123 1036 287 1109 rationes
305 1058 379 1107 non
398 1035 549 1125 eaedem,
561 1049 604 1111 ut
617 1036 654 1110 in
672 1036 730 1110 his
746 1039 920 1126 numeris,
932 1044 1165 1123 4-2.6-4,

124 1148 376 1243 multiplicatis
394 1160 473 1220 tum
487 1150 743 1223 antecentibus
758 1163 838 1222 tum
856 1148 1166 1246 consequentibus

124 1263 297 1358 gignetur
326 1261 421 1334 ratio
452 1271 498 1334 24
526 1261 617 1336 ad8
644 1263 719 1336 sive
750 1273 792 1337 12
820 1262 868 1336 ad
895 1273 930 1336 4.
981 1262 1167 1358 Expositis

124 1390 248 1448 autem
276 1375 332 1447 his
361 1377 536 1465 numeris,
566 1385 770 1466 12-6-4,
796 1376 866 1449 erit
895 1376 991 1449 ratio
1018 1384 1060 1450 12
1077 1376 1165 1449 ad6

124 1488 253 1561 eadem
280 1513 365 1562 cum
392 1490 536 1563 ratione
553 1498 576 1563 4
594 1490 642 1564 ad
659 1501 695 1579 2,
721 1503 758 1564 et
777 1489 871 1563 ratio
889 1498 912 1562 6
931 1489 979 1563 ad
997 1501 1018 1563 4
1037 1489 1167 1563 eadem

125 1626 207 1698 quae
236 1613 334 1675 ante.
387 1601 490 1675 Idem
517 1602 556 1675 iu
581 1603 714 1676 horum
748 1603 934 1677 conversis
962 1604 1167 1700 continget,

125 1724 235 1788 2-4.
248 1723 311 1785 4-
323 1722 359 1787 6.
403 1715 523 1811 Atque
540 1715 629 1789 hinc
645 1716 852 1812 intelligere
869 1717 967 1804 licet,
986 1715 1075 1812 quid
1093 1717 1168 1790 sint

125 1827 197 1900 illae
225 1850 315 1922 quas
343 1827 501 1921 appellat
525 1827 697 1901 Euclides
722 1827 907 1902 rationum
930 1828 1167 1923 quantitates,

125 1963 257 2036 nempe
291 1941 476 2013 rationum
516 1940 776 2016 antecedentes
816 1953 855 2015 et
888 1954 1168 2037 consequentes.

126 2054 207 2126 Nec
223 2065 346 2127 tamen
363 2054 481 2128 voluit
497 2066 640 2128 tantum
663 2077 742 2127 esse
759 2054 940 2127 rationem
958 2067 1097 2151 quanta
1114 2066 1170 2129 est

126 2168 359 2253 antecedens,
377 2180 442 2240 aut
466 2181 604 2264 quanta
628 2180 685 2242 est
703 2190 930 2263 consequens
947 2169 1027 2264 ejus
1043 2196 1052 2241 :
1079 2193 1170 2266 qua-

126 2302 209 2352 rum
243 2294 399 2376 utraque
433 2293 489 2352 est
524 2280 709 2377 quantitas
736 2280 916 2368 absoluta,
946 2280 1011 2354 sed
1037 2293 1172 2355 neutra

127 2416 253 2466 earum
281 2394 388 2466 ratio.
441 2394 698 2468 Quantitatem
720 2405 845 2466 autem
869 2393 1021 2466 rationis
1039 2399 1062 2466 4
1080 2393 1168 2468 ada

126 2507 389 2602 iuterpretatur
402 2506 548 2580 Cluvius
565 2530 630 2603 per
647 2505 864 2580 fractionem
878 2504 926 2595 ὲ,
939 2517 977 2579 et
990 2507 1172 2581 rationem

126 2629 149 2693 6
169 2620 214 2692 ad
234 2630 256 2692 3
273 2644 340 2716 per
355 2619 409 2705 ἐς
436 2632 528 2718 quas'
556 2620 717 2717 appellat
743 2620 855 2694 etiam
880 2620 1032 2694 rationis
1056 2620 1172 2695 deno-

127 2734 335 2808 minatores.
389 2733 489 2815 Quas
516 2734 547 2807 si
569 2733 668 2806 inter
699 2757 738 2807 se
766 2733 1000 2829 multiplices,
1017 2733 1172 2808 habebis

128 2847 276 2943 quidem
293 2846 512 2921 fractionem
534 2847 640 2945 cujus
662 2858 876 2920 numerator
892 2846 940 2920 ad
958 2847 1172 2922 denomina-

126 2973 246 3034 torem
273 2961 453 3034 rationem
480 2962 592 3035 habet
619 2961 861 3056 compositam
891 2984 937 3034 ex
964 2960 1170 3035 rationibus

127 3083 149 3145 4
169 3074 216 3147 ad
234 3083 256 3147 2
275 3086 313 3146 et
333 3083 356 3147 6
376 3075 424 3147 ad
442 3085 490 3146 3:
516 3087 713 3170 propterea
731 3072 830 3168 quod
847 3073 960 3147 etiam
977 3073 1030 3147 sic
1047 3074 1174 3148 multi-

128 3185 310 3280 plicantur
344 3185 442 3259 inter
472 3210 510 3259 se
538 3198 618 3261 tum
645 3185 907 3259 antecedentes
933 3197 1012 3257 tum
1044 3210 1172 3260 conse-

130 3310 295 3393 quentes,
320 3309 362 3372 ut
390 3299 503 3394 prius.
555 3299 643 3373 Nou
664 3310 721 3371 est
743 3310 867 3371 autem
894 3298 1027 3372 fractio
1041 3297 1082 3381 ³}
1102 3322 1174 3373 nec

134 3408 160 3491 ἕ
180 3409 273 3482 ratio
291 3410 506 3506 composita,
524 3435 594 3484 nec
617 3412 767 3484 omnino
794 3411 902 3499 ratio,
920 3434 1005 3484 cum
1022 3411 1069 3485 sit
1086 3435 1175 3508 pars

131 3522 347 3616 quantitatis
369 3522 557 3596 absolutae.
609 3521 722 3596 Aliud
745 3520 843 3594 enim
869 3532 925 3595 est
945 3520 984 3611 l,
1003 3521 1041 3596 id
1060 3536 1117 3597 est
1134 3532 1173 3614 4,

130 3634 230 3708 aliud
257 3637 351 3709 ratio
379 3636 604 3732 quaternarii
625 3636 673 3709 ad
692 3636 883 3709 unitatem.
937 3636 1050 3709 Ratio
1073 3636 1174 3710 enim

132 3747 273 3821 duabus
303 3748 408 3823 lineis
435 3749 633 3847 exponitur
655 3769 810 3846 semper,
834 3760 874 3822 at
899 3749 1085 3847 quantitas
1108 3750 1174 3823 ab·

131 3861 250 3934 soluta
266 3862 386 3935 unica.

183 3973 294 4048 Quod
320 3973 467 4048 Cluvius
491 3974 554 4048 hic
579 3972 731 4048 scribit:
759 3975 986 4049 “Quoniam
1009 3973 1175 4049 denomi-

131 4099 239 4161 natur
265 4085 461 4182 cujuslibet
484 4085 733 4184 proportionis
763 4087 937 4183 exprimit
965 4099 1104 4184 quauta
1126 4089 1175 4162 sit

132 4199 349 4297 magnitudo
365 4199 587 4274 antecedens
603 4198 652 4273 ad
675 4212 971 4298 consequentem,
989 4201 1065 4275 dici
1080 4201 1177 4278 solet

132 4327 328 4411 propterea
345 4314 531 4410 quantitas
556 4314 759 4390 rationis'':
785 4324 887 4391 recte
910 4315 1060 4413 quidem
1083 4315 1176 4392 dicit
