2946 5010
305 408 352 473 44
521 418 792 474 ΕΧΑΜΙΝΑΤΙΟ
812 419 865 473 B'l'
884 419 1134 473 EMENDATIO

117 613 268 657 maomn
304 601 343 662 et
370 588 508 681 unitae,
535 589 653 663 altera
677 589 716 662 in
742 588 893 662 alterius
920 586 1135 661 definitione
1159 587 1249 683 poni
1271 610 1348 663 non

118 695 262 802 „L
305 701 455 786 debuit;
481 725 557 775 non
569 701 687 799 magis
700 724 811 799 quam
825 700 947 773 allium
963 700 1002 774 in
1016 699 1230 774 definitione
1246 701 1348 776 alle-

303 812 414 904 dinie,
440 824 506 888 aut
533 812 665 888 albedo
686 815 726 887 in
753 813 967 888 definitione
984 812 1076 887 albi.
1128 812 1232 886 Nihil
1248 815 1348 889 enim

303 928 447 1001 confert
464 925 513 1000 ad
528 925 819 1001 intellectionem
835 926 937 1001 vocis
954 934 1131 1000 concreta
1150 949 1217 1000 sua
1233 927 1348 1024 ipsius

301 1038 510 1129 abstracta,
534 1063 656 1136 neque
682 1050 824 1130 contra,
850 1038 1058 1113 abstracta
1074 1061 1142 1112 oue
1158 1051 1347 1117 amtorem.

302 1152 409 1226 Cavit
424 1165 549 1227 autem
565 1153 736 1228 Euclides
753 1174 801 1226 ne
819 1152 1032 1226 definitione
1049 1152 1119 1225 hac
1136 1151 1176 1225 in
1193 1150 1349 1229 demon·

301 1267 541 1342 strationibus
556 1279 744 1354 uteretur;
771 1278 883 1363 atque
900 1267 954 1341 ita
965 1266 1106 1341 factum
1122 1278 1191 1358 est,
1205 1281 1249 1341 ut
1265 1269 1347 1343 nul-

301 1378 378 1453 lum
401 1381 488 1454 inde
512 1382 644 1455 vitium
668 1381 895 1456 emanaverit
919 1379 968 1455 ud
992 1380 1349 1455 theoremate-Ea

302 1492 362 1565 liis
391 1504 513 1568 autem
539 1494 697 1568 unitatis
723 1504 762 1567 et
787 1493 929 1567 numeri
952 1492 1240 1589 definitionibus,
1261 1493 1347 1593 ple-

302 1607 409 1704 rique
438 1606 677 1681 arbitrantur
703 1607 881 1680 unilalem
907 1628 1139 1679 numerorum
1169 1605 1349 1705 catalogo

302 1743 377 1794 nan
392 1744 475 1794 aare
491 1720 766 1809 aaammmdam,
783 1720 948 1816 adeoque
959 1742 1144 1792 numerum
1162 1719 1348 1793 minimum

302 1832 487 1907 binarium
503 1858 586 1907 esre
598 1861 612 1919 ,·
638 1857 842 1932 quanquam
865 1830 965 1906 illud
985 1831 1129 1929 quidem
1149 1831 1348 1907 Euclidem

301 1948 449 2044 mopiam
467 1946 610 2021 diciere
626 1971 696 2020 non
712 1945 961 2020 memini—Si
978 1944 1202 2019 meminisset
1219 1945 1347 2020 defini·

302 2060 413 2135 tionis
437 2061 614 2152 euclidis,
640 2084 751 2158 quam
776 2060 942 2159 proxime
969 2082 1080 2155 supra
1104 2059 1183 2155 ipse
1205 2060 1345 2151 retulit,

301 2196 450 2248 necesse
472 2187 529 2249 est
551 2186 595 2247 nt
611 2173 821 2247 meminerit
848 2171 985 2246 sentire
1002 2171 1193 2246 Euclidem
1216 2196 1346 2249 nume-

300 2309 426 2360 roram
448 2288 642 2362 minimum
663 2310 743 2361 esse
767 2285 963 2374 binarium,
988 2284 1059 2358 nisi
1078 2284 1177 2359 idem
1194 2285 1242 2359 sit
1257 2304 1346 2378 μονὰς

300 2411 339 2472 et
354 2411 481 2490 puellm
493 2409 660 2481 inume—
669 2399 803 2497 Opera
834 2408 957 2471 tamen
973 2397 1140 2497 prelium
1148 2398 1345 2496 surtariis

300 2511 375 2585 erit
401 2511 541 2609 paucio
575 2510 770 2584 celendere
803 2534 870 2584 cur
898 2510 1078 2584 unitatem
1100 2520 1231 2609 palem
1258 2536 1346 2584 aere

300 2648 487 2697 numerum
516 2649 606 2714 aare,
640 2624 800 2722 aliisque
829 2625 990 2698 numerio
1021 2624 1343 2698 annumerandam.

300 2739 384 2811 Nec
394 2738 624 2836 laicforran
641 2737 905 2811 adversabitur
922 2736 1098 2810 Euclidie
1115 2737 1345 2835 aliarumque

300 2850 484 2924 cententio
506 2851 627 2948 probe
653 2849 1038 2925 intellecta-Quid?
1088 2851 1148 2924 An
1171 2851 1344 2947 possibile

300 2976 357 3038 est
373 2977 415 3038 ut
431 2964 545 3061 probe
558 2965 786 3061 intelligatur
801 2974 909 3055 μονάδα
926 2987 1005 3036 esse
1022 2987 1069 3037 ex
1090 2974 1220 3054 μονάδων
1234 2978 1343 3053 alyna-

298 3112 386 3165 μενον
397 3088 581 3160 initum-
589 3078 676 3153 Cam
692 3078 786 3152 enim
802 3075 963 3150 nonnulli
979 3076 1168 3165 unitatem,
1181 3076 1345 3175 proprie

300 3189 491 3287 loqnmda
518 3215 589 3263 non
615 3190 719 3264 niodo
745 3214 929 3264 nnmerum
948 3213 1030 3262 ease
1046 3198 1195 3288 negent,
1222 3189 1294 3263 red
1306 3200 1343 3262 el

300 3303 441 3377 numeri
446 3313 623 3403 partem
640 3305 808 3403 adeoque
816 3303 961 3378 numeri
970 3302 1193 3400 principium
1204 3303 1342 3399 impare

300 3441 378 3491 esse
396 3417 535 3507 dicant,
560 3427 601 3491 ul
623 3428 681 3491 erl
702 3417 972 3515 magnitudinis
990 3425 1170 3514 punctum
1192 3425 1232 3489 et
1256 3425 1340 3488 lem·

295 3531 406 3629 paria
435 3540 672 3606 momentum:
709 3530 942 3631 intelligendi
959 3530 1141 3628 sarturae
1173 3538 1261 3602 aunt
1296 3530 1343 3603 de

299 3645 465 3735 monade,
490 3669 556 3717 aea
578 3644 733 3735 unitate,
760 3669 831 3718 non
847 3653 889 3716 ul
905 3665 1090 3716 numerum
1111 3640 1342 3739 singularem

300 3759 488 3858 designat,
514 3757 585 3831 aed
608 3768 650 3831 ut
680 3769 737 3832 eet
762 3757 957 3832 eommunia
980 3754 1086 3853 quari
1109 3779 1341 3828 numeroram

299 3873 454 3945 omnium
477 3872 740 3946 denominatur.
797 3870 864 3944 Sia
885 3869 978 3942 enim
1000 3891 1171 3941 numeror
1193 3879 1340 3965 qualer-

299 3985 427 4057 narina
455 3995 523 4075 eet,
554 3986 616 4082 qui
641 3994 797 4083 quatuor
821 3982 983 4056 unitates
1005 3983 1341 4056 numerat—Tune

298 4097 379 4171 haec
396 4098 596 4195 intelligis?

351 4211 400 4284 B.
427 4212 532 4284 Puto.

350 4324 398 4397 A.
425 4324 577 4421 Expone
594 4346 639 4397 ea
655 4344 789 4418 quaeso.
