2946 5010
308 391 383 457 312
584 403 866 457 nonnum
882 405 1078 459 msice.

144 597 248 638 cum
308 595 401 667 opns
426 571 477 643 sit
498 572 623 666 rapiat
647 573 755 646 cerm
806 573 850 646 ln
877 597 991 646 cansa
1009 587 1135 647 autem
1156 587 1226 662 est,
1248 574 1349 670 quod

112 666 270 786 §a
306 697 453 757 tantum
479 684 979 776 illiinestoeruutmtum
1007 686 1350 760 simulvasetaer

307 796 1349 897 facilinsaterrnrejicipomitqunmmoleannaenm-

305 910 426 984 bobus
440 910 602 1004 equalis.

359 1022 410 1094 A.
437 1021 547 1095 Unde
566 1022 611 1094 fit
635 1035 679 1094 ut
703 1024 838 1119 piscis:
863 1026 1023 1097 maxime
1048 1048 1137 1098 vero
1162 1026 1225 1120 qui
1241 1024 1348 1096 valde

306 1135 405 1209 lutus
421 1136 615 1232 tenuisque
632 1136 693 1225 sit,
707 1151 752 1210 ut
766 1162 893 1234 pomer
908 1151 948 1211 et
963 1140 1159 1211 rhombus:
1177 1139 1217 1209 in
1232 1137 1348 1209 fundo

307 1250 421 1321 muris
436 1262 542 1322 tanto
559 1273 665 1346 uquae
680 1251 843 1347 pondere
867 1252 1115 1324 incumbentis
1139 1274 1346 1346 oppressus,

306 1386 383 1435 uon
398 1362 552 1460 pereat?

356 1475 407 1549 B.
434 1477 533 1551 Quin
547 1477 678 1572 gravia
693 1477 820 1550 omnia
834 1477 994 1550 tendunt
1009 1476 1058 1550 ud
1084 1477 1186 1573 globi
1211 1487 1347 1548 terres-

305 1589 585 1662 miscentium.
651 1589 1346 1686 Namndoecensupnrtiumgraris

306 1701 412 1774 fluidi
427 1701 558 1775 eodem
575 1715 742 1798 tempore
757 1704 922 1776 omnium
939 1727 1066 1776 versus
1089 1727 1205 1776 unum
1231 1727 1347 1798 punc-

306 1829 401 1904 tum,
417 1816 624 1889 necmrio
637 1817 757 1889 oritur
768 1818 903 1913 ubique
918 1816 1189 1889 oonmmeratio
1201 1815 1287 1888 talis
1304 1829 1348 1888 ut

305 1952 391 2025 pars
407 1930 575 2024 superior
590 1930 800 2002 inferiorem
812 1953 980 2024 premere
995 1953 1072 2002 non
1087 1929 1217 2025 possit.

355 2040 402 2112 A.
429 2041 710 2116 Conmmeratio
722 2043 852 2116 similis
868 2067 936 2116 cnr
950 2067 1027 2116 uon
1044 2044 1082 2115 in
1099 2066 1184 2115 nere
1200 2066 1348 2139 quoque

306 2153 393 2227 est?

356 2266 407 2340 B.
435 2267 515 2341 Est,

355 2382 406 2454 A.
433 2382 630 2456 Quomodo
653 2407 743 2479 ergo
763 2382 818 2472 (id
840 2382 941 2479 qnod
968 2407 992 2455 a
1012 2382 1239 2478 pbilosophis
1264 2381 1347 2476 qui·

304 2493 460 2566 busdam
494 2519 515 2567 e
544 2496 733 2568 Societate
770 2495 1026 2569 Gresbameusi
1065 2496 1253 2578 scribitur)
1283 2516 1348 2565 uer

304 2607 457 2679 inferior
474 2632 497 2679 a
513 2610 700 2703 superiore
725 2611 935 2703 gravitante
963 2609 1228 2704 comprimitur,
1247 2606 1346 2678 unde

305 2721 392 2791 oriri
411 2720 538 2792 scribit
557 2724 650 2791 aeris
668 2723 853 2815 quandam
870 2724 944 2794 rim
961 2722 1173 2793 elasticam?
1212 2723 1269 2791 An
1283 2744 1346 2791 aer

304 2853 418 2924 prope
433 2846 580 2918 terram,
600 2832 763 2927 impurus
774 2859 839 2928 per
851 2836 1060 2906 commistus
1073 2834 1123 2905 illi
1135 2833 1344 2927 particulas

305 2942 450 3015 dicetur
467 2946 673 3038 gravitare?

357 3057 405 3129 B.
433 3057 533 3131 Quid
551 3060 580 3130 si
599 3084 703 3154 aqnae
721 3061 849 3131 oceani
867 3061 1031 3154 permisti
1059 3075 1180 3132 essent
1209 3060 1345 3155 pulvis

305 3170 376 3242 culi
412 3185 539 3243 terrae:
566 3197 613 3243 an
644 3173 727 3245 ideo
755 3175 873 3269 pisces
903 3175 940 3245 in
969 3198 1012 3245 ea
1039 3199 1133 3269 aqua
1163 3175 1344 3269 opprime-

304 3284 457 3356 rentur?

354 3397 398 3468 A.
427 3399 580 3470 Minime
597 3399 757 3493 quidem,
775 3399 863 3470 dum
889 3398 1009 3493 pulvis
1036 3399 1108 3485 ille,
1128 3401 1197 3471 etsi
1227 3398 1345 3494 plum-

303 3509 406 3597 heus,
424 3512 470 3582 ab
489 3537 582 3606 aqua
601 3524 827 3584 sustentatus
844 3512 978 3583 fluitat.

356 3623 404 3694 B.
432 3624 506 3695 Sed
535 3625 681 3696 fluitant
715 3650 797 3720 quae
825 3627 973 3696 suntin
1004 3648 1087 3695 aere
1112 3626 1187 3695 sive
1211 3638 1344 3696 utmos-

303 3736 428 3830 phaera
456 3738 568 3808 atomi
597 3753 716 3810 terrae.
778 3739 907 3833 Itaque
937 3738 1000 3833 qui
1025 3739 1077 3809 sic
1106 3739 1343 3833 scripserunt,

303 3871 376 3920 non
396 3851 483 3921 satis
501 3852 552 3921 rei
568 3865 738 3923 naturam
756 3852 995 3947 contemplati
1013 3866 1111 3924 sunt„

354 3963 402 4033 A.
429 3964 508 4034 Tua
523 3963 614 4052 baec‚
633 3966 708 4036 sire
734 3989 820 4035 vera
838 3966 912 4035 sive
936 3965 1041 4048 falsa,
1059 3965 1243 4061 specimen
1268 3964 1344 4034 reri

302 4087 401 4144 certe
416 4075 564 4147 babent.
617 4079 664 4149 Et
682 4080 854 4172 quoniam
873 4103 980 4149 nemo
994 4102 1140 4150 causam
1152 4078 1344 4172 gravitatis

301 4186 412 4257 ullam
432 4188 609 4261 hactenus
627 4193 827 4286 assignavit
838 4205 971 4287 praeter
982 4193 1098 4288 ipsam
1111 4192 1342 4286 grauitatem,

302 4301 374 4371 tuis
392 4302 430 4372 in
446 4304 638 4396 praesentia
656 4305 898 4400 acquiescam.
