2946 5010
136 589 205 633 oar.
220 592 241 634 1.

114 657 258 695 κ--ι-ν

116 729 250 791 Dum*

298 385 374 456 392
440 400 494 453 ne
514 400 744 458 catnomns
765 404 816 458 ur
834 402 1195 457 nartocrnnmoun

298 565 330 639 si
351 565 444 640 nihil
469 568 528 658 sit,
546 569 585 642 in
607 570 680 644 duo
707 570 832 645 nihila.
885 569 1007 644 Etiam
1034 569 1191 643 circulus
1219 570 1344 642 secari

297 691 419 777 potest
448 681 486 754 in
517 694 677 757 sectores
707 697 965 782 quotcunque:
993 694 1029 757 et
1058 682 1225 780 proinde,
1251 707 1343 756 cum

299 793 417 866 omnis
434 808 556 869 sector
569 795 713 870 desinat
730 799 768 871 in
785 808 975 894 punctum,
989 796 1173 869 secabitur
1189 820 1342 893 quoque

297 919 463 981 centrum
481 909 519 982 in
540 911 694 983 totidem
712 922 860 1007 punctu,
877 920 1001 1007 partes
1023 909 1176 983 totidem
1194 910 1340 996 centri;

296 1020 372 1095 sire
389 1033 556 1097 centrum
574 1022 664 1096 illud
682 1024 866 1119 quantitas
880 1024 939 1111 sit,
958 1022 1033 1096 sive
1050 1022 1154 1095 nihil.

346 1134 521 1209 Definitio
548 1159 636 1232 ergo
656 1127 791 1235 parieti
811 1135 909 1232 apud
932 1135 1132 1223 Euclidem,
1160 1134 1342 1231 quemad-

300 1246 450 1323 modum
483 1272 564 1322 eam
590 1248 800 1345 intelligunt
821 1258 1019 1345 geometrae
1042 1260 1125 1345 post
1144 1247 1339 1320 Euclidem

297 1385 435 1452 omnes,
462 1363 596 1439 vitiosa
625 1377 694 1437 est.
746 1364 868 1439 Quam
898 1374 1033 1452 tamen,
1060 1363 1092 1436 si
1121 1362 1262 1435 nullum
1296 1363 1340 1439 in

295 1475 499 1572 geometria
515 1499 677 1550 errorem
694 1477 907 1572 peperisset,
925 1474 1191 1572 praeteriissem.

347 1589 523 1662 Definitio
545 1587 678 1686 puncti
694 1612 793 1677 vera,
811 1600 850 1662 et
876 1611 958 1685 qnae
974 1587 1105 1661 vitium
1126 1586 1268 1659 nullum
1296 1585 1338 1661 iu

297 1702 627 1777 demonstrationes
644 1702 791 1775 illatura
808 1702 866 1791 sit,
882 1702 965 1776 talis
979 1724 1058 1775 esse
1076 1700 1201 1773 debet:
1214 1725 1338 1796 panc·

295 1928 609 2002 demonstratione
625 1928 900 2002 consideranda
916 1938 974 2001 cst
984 1956 997 2001 :
1023 1927 1062 2002 id
1085 1938 1153 2014 est,
1168 1926 1339 1999 conside-

294 2041 450 2116 randum
469 2056 536 2132 est,
553 2064 629 2116 nou
645 2053 688 2114 ut
704 2053 893 2138 punctum,
910 2039 1008 2137 quod
1026 2040 1152 2114 Graece
1170 2055 1260 2129 νυγμὴ
1280 2039 1339 2112 di-

295 2154 416 2240 eitur:
442 2178 563 2252 neque
596 2164 638 2228 nt
660 2172 774 2244 στιγμὴ,
798 2178 880 2251 quae
909 2153 1036 2227 Graece
1059 2166 1116 2226 est
1145 2152 1336 2227 distinctio

294 2269 469 2354 visibilis:
495 2291 578 2365 quae
602 2267 711 2342 ambo
729 2275 866 2364 quanta
890 2277 993 2339 sunt:
1020 2265 1086 2339 sed
1109 2278 1153 2338 nt
1175 2267 1335 2361 signum,

295 2382 395 2478 quod
411 2381 537 2455 Graece
563 2392 619 2454 est
636 2394 763 2469 σημεῖον,
781 2404 854 2475 quo
872 2379 984 2453 verbo
1008 2379 1125 2454 utitur
1150 2379 1335 2457 Euclides.

297 2493 450 2590 Signum
467 2492 564 2566 enim
582 2491 711 2589 quanti
728 2515 862 2564 nomen
876 2515 950 2564 non
969 2503 1036 2564 est.

345 2606 410 2678 Est
434 2605 529 2676 enim
556 2603 770 2700 geometria,
788 2603 945 2674 scientia
962 2628 1037 2700 qaa
1058 2628 1104 2675 ea
1129 2602 1258 2700 aliqua
1276 2604 1338 2677 cel

295 2715 478 2812 aliquibus·
496 2715 720 2787 mensuratis
730 2738 806 2810 per
823 2715 1141 2787 ratiocinationem
1157 2716 1334 2788 determi-

295 2853 422 2900 namus
453 2829 678 2922 quantitates
701 2827 802 2900 alias
827 2854 896 2900 non
921 2839 1163 2901 ncerrsaratas.
1216 2830 1335 2902 Recte

295 2940 407 3034 igitur
424 2941 561 3036 incepit
584 2941 753 3013 Euclides
771 2966 793 3013 a
811 2941 1023 3014 definitione
1048 2966 1239 3029 ozensara,
1260 2968 1337 3038 qua

294 3065 552 3127 mensurantur
569 3054 837 3149 longitudines:
857 3067 895 3125 et
909 3055 1027 3149 primo
1043 3054 1135 3142 locO,
1154 3080 1336 3130 mensura:

294 3166 389 3239 illius
408 3168 605 3239 terminum
619 3168 770 3254 definiit,
789 3179 827 3240 et
843 3167 989 3264 signam
1007 3191 1084 3238 esse
1103 3167 1206 3240 dixit.
1259 3171 1336 3243 Sed

295 3281 398 3376 cujus
421 3281 474 3353 rei
501 3281 673 3377 signum?
726 3280 891 3376 Signum,
910 3304 1022 3374 aquo
1051 3304 1230 3352 mensurae
1259 3295 1336 3354 ter-

295 3393 415 3467 minus
432 3419 527 3467 unus
545 3406 608 3467 aut
625 3394 718 3467 alter
735 3405 945 3469 mensurato
964 3394 1180 3488 applicatur.

345 3509 525 3581 Praeterea
542 3509 572 3580 si
584 3518 760 3605 punctam
778 3507 996 3580 indivisibile
1009 3520 1116 3594 esset,
1131 3507 1247 3595 idest,
1263 3534 1336 3580 non

296 3630 474 3715 quantam,
501 3619 631 3708 idest,
657 3620 771 3692 nihil:
804 3633 1018 3714 sequeretur
1046 3619 1263 3715 (supposito,
1290 3635 1336 3694 ut

294 3757 392 3805 nunc
416 3745 625 3828 supponunt
650 3733 846 3826 scriptores
868 3731 1128 3821 mathematici,
1147 3733 1335 3827 quantita-

293 3857 368 3919 tem
387 3845 499 3917 dividi
517 3846 553 3916 in
579 3844 772 3931 infinitum,
791 3856 833 3915 ut
849 3856 1028 3937 punctum
1053 3845 1100 3917 sit
1117 3870 1200 3940 pars
1223 3846 1335 3920 lineae

294 3958 436 4030 infinite
455 3957 602 4054 exigua)
622 3968 763 4052 partem
782 3956 923 4027 infinite
941 3956 1111 4051 exiguam
1129 3958 1234 4030 lineae
1254 3983 1336 4032 rec·

294 4082 354 4158 tae,
379 4082 416 4143 et
434 4071 652 4166 quadratum
676 4069 774 4164 quod
797 4070 843 4141 sit
871 4070 1020 4142 minima
1047 4096 1131 4167 pars
1149 4072 1334 4166 quadrati,

294 4194 332 4255 et
355 4186 489 4257 cubum
507 4185 570 4280 qui
598 4184 644 4257 sit
670 4184 821 4256 minima
843 4207 927 4280 pars
951 4185 1046 4272 cubi,
1066 4210 1144 4258 esse
1170 4186 1267 4256 inter
1292 4210 1334 4260 se

293 4299 458 4393 aequalia.
