2946 5010
307 407 355 485 78
523 422 793 478 sxsnmsmo
813 424 864 476 nr
884 425 1133 478 nnnnmfflo

119 617 271 661 mucosus
306 588 463 663 metrica
497 590 638 663 rationi
668 589 904 689 gemnetricae
937 591 1068 665 eadem
1100 601 1171 681 est,
1205 591 1353 689 qnando

121 699 265 802 ,ξω
306 726 420 774 causo
438 700 569 798 aliqua
585 703 714 776 eadem
731 703 932 800 ‹equatibm
949 703 1174 802 temporibus
1189 704 1353 802 (equatio

290 816 464 914 famens,
481 816 662 888 rationem
678 826 876 914 utramque
892 817 1128 892 determinat.

356 929 406 1001 Α.
432 928 609 1003 Definitio
627 954 714 1003 sane
727 930 808 1003 haec
821 931 1096 1006 accuratissima
1113 942 1183 1022 est,
1196 955 1351 1028 genera-

304 1042 518 1141 tionemque
549 1045 797 1140 proportionis
825 1045 931 1141 quasi
960 1059 1047 1119 ante
1077 1047 1203 1120 oculos
1232 1046 1350 1142 ponit

306 1155 380 1230 sed
396 1156 579 1246 Euclides,
596 1182 664 1254 per
680 1181 784 1231 suam
801 1157 1034 1255 hypothesin,
1051 1158 1240 1233 rationum
1262 1159 1350 1233 doc-

304 1270 440 1344 trinam
451 1271 490 1342 in
499 1270 691 1345 Elemeuto
702 1273 833 1368 quinto
844 1270 1061 1345 solidissime
1072 1270 1349 1346 demonstravit

304 1383 412 1456 Anne
438 1384 658 1458 tantundem
687 1384 777 1458 fecit
803 1384 974 1459 Hobbius
1002 1407 1070 1479 per
1098 1383 1349 1460 definitionem

304 1495 436 1568 suam?

354 1608 404 1686 B.
422 1611 700 1685 Demonstravit
711 1635 788 1685 non
798 1611 909 1685 modo
919 1611 1068 1686 easdem
1079 1611 1349 1708 propositiones

303 1747 394 1820 quas
409 1724 593 1815 Euclides,
612 1725 802 1799 sedetiam
816 1725 1013 1799 nonnullas
1029 1725 1120 1798 alias
1136 1749 1213 1799 non
1227 1725 1348 1799 minus

303 1836 480 1926 difficiles,
506 1861 554 1911 ne
579 1837 729 1933 quidem
754 1837 920 1911 Wallisio
949 1837 1030 1934 ipso
1055 1836 1345 1911 contradicente.

303 1950 401 2024 Nam
431 1951 502 2024 hoc
533 1950 653 2024 solum
679 1950 727 2023 de
756 1949 828 2024 illis
860 1950 1094 2046 pronunciat,
1127 1974 1200 2024 non
1224 1949 1348 2024 videri

301 2062 423 2161 ipsius
439 2087 533 2137 esse.

353 2176 402 2250 Α.
430 2177 474 2250 ld
502 2188 571 2267 est,
606 2177 714 2250 simul
745 2188 784 2249 et
812 2175 940 2250 laudat
970 2188 1010 2249 et
1038 2175 1192 2250 invidet.
1245 2174 1347 2252 Quid

301 2291 431 2364 scribis
448 2290 487 2363 in
503 2287 773 2387 pugillaribus?

350 2401 398 2476 B.
426 2402 526 2476 Noto
556 2401 656 2498 quod
685 2402 724 2474 in
755 2401 884 2474 Graeco
913 2425 981 2497 pro
1010 2400 1275 2497 multiplicibus
1299 2399 1346 2475 ab

300 2514 454 2589 Euclide
482 2514 618 2588 dicitur
643 2527 853 2597 πολλαπλάσια,
883 2525 921 2586 et
947 2537 1017 2610 pro
1040 2513 1346 2610 multiplicatione

299 2639 576 2716 πολλαπλασιασμὸς.
629 2627 725 2700 Nam
755 2635 936 2714 (ἀναλόγως)
962 2637 1164 2717 διπλασιασμὸς
1195 2627 1346 2701 deberet

300 2741 394 2812 Veril
423 2739 644 2838 duplicatio,
672 2751 710 2813 et
739 2751 894 2827 διπλασιὸς,
925 2738 1021 2813 Sicut
1049 2751 1087 2813 ei
1123 2750 1278 2814 διπλασίων
1307 2751 1346 2815 ei

300 2864 522 2943 διασπασθεὶς,
541 2853 673 2949 duplus
690 2853 748 2927 vel
766 2853 982 2949 duplicatus.

348 2966 398 3040 A.
426 2966 661 3064 undergo?

348 3080 398 3152 B.
427 3080 603 3176 Magnam
633 3079 724 3152 facit
752 3077 939 3151 Wallisius
969 3077 1214 3151 differentiam
1248 3078 1344 3152 inter

297 3195 491 3281 rationem,
513 3193 664 3289 duplam
687 3205 725 3266 et
742 3192 978 3288 duplicatam,
1002 3191 1152 3288 triplam
1168 3203 1208 3264 et
1225 3192 1344 3288 tripli-

296 3321 430 3399 catam,
448 3321 533 3398 etc,
554 3321 633 3381 tum
651 3308 689 3380 in
709 3305 875 3380 Elenclm
892 3317 1022 3379 contra
1041 3305 1244 3394 Hobbium,
1263 3319 1343 3378 tum

295 3424 335 3496 in
352 3433 516 3496 tractatu
532 3419 747 3494 Elenchtico
765 3430 896 3492 contra
913 3418 1177 3515 Meybomium.

345 3537 395 3609 A.
422 3536 543 3608 Tanto
561 3544 618 3607 est
634 3533 831 3607 indoctior.
883 3532 957 3606 Sed
975 3556 1044 3629 ego
1062 3531 1130 3604 tibi
1147 3530 1341 3627 negotium

295 3650 387 3724 illud
411 3649 520 3723 facile
546 3646 736 3744 expedibo.
776 3644 948 3719 Euclides
974 3645 1072 3718 enim
1090 3644 1245 3718 vocibus
1270 3644 1342 3717 illis

294 3777 440 3841 οιπλασιὸς
458 3775 496 3836 et
518 3772 670 3833 διπλασίων
692 3784 761 3857 pro
779 3759 907 3833 eadem
924 3782 965 3832 re
982 3757 1190 3855 promiscue
1206 3757 1341 3846 utitur,

293 3882 389 3956 sicut
416 3874 539 3950 Latini
564 3873 676 3971 vulgo
703 3872 855 3970 duplum
881 3883 919 3945 ct
944 3871 1186 3970 duplicatum.
1238 3871 1341 3946 Voce

292 4005 452 4074 διπλασίων,
484 3989 596 4063 etiam
625 3987 664 4061 in
691 3985 991 4082 proportionibus
1021 3984 1140 4058 utitur
1167 3984 1340 4060 Euclides

290 4129 358 4202 pro
385 4103 507 4198 dupla.
566 4101 664 4196 Lege
694 4097 954 4195 propositionis
984 4097 1123 4171 ultimae
1154 4097 1339 4172 Elementi

291 4218 379 4292 noni
397 4228 541 4291 textum
562 4215 743 4288 Graecum.

342 4331 391 4406 B.
417 4342 468 4402 ἐὰν
487 4341 542 4400 ἀπὸ
560 4339 681 4416 μονάδος
703 4341 848 4399 ὁποσοιοῦν
868 4341 977 4417 ἆριθμοι
1002 4337 1062 4408 ἑξῆς
1087 4339 1230 4397 ἐκτεθῶσιν
1256 4339 1338 4419 ε’νσῇ
