2946 5010
307 394 378 464 158
519 410 789 465 nxnurusrro
811 412 860 463 nr
880 411 1129 463 nnnunerio

116 600 267 641 antonus
303 578 486 653 Euclides.
531 579 632 654 Quid
649 579 748 651 enim
766 577 860 651 ratio
877 575 978 651 aliud
995 589 1063 666 est,
1077 599 1186 672 quam
1204 576 1347 671 magni-

119 681 261 785 ..ἔρ
303 691 394 765 tudo
428 692 538 766 unius
568 691 795 787 quantitatis,
823 703 1005 788 quatenus
1036 689 1217 764 adoliam
1245 715 1347 763 com-

301 805 479 902 paratur?

352 915 399 990 Β.
428 917 542 991 Nihil.

352 1027 399 1102 A.
427 1030 500 1103 Sed
514 1030 597 1104 vide
609 1030 765 1104 Wallisii
783 1054 892 1127 super
909 1029 989 1103 hoec
1003 1029 1209 1104 scholiasta
1223 1033 1346 1120 verba,

302 1142 433 1216 Latine
463 1144 509 1217 ab
538 1144 619 1240 ipso
645 1168 762 1232 versa,
792 1142 1045 1217 subtilitatem.
1110 1143 1234 1218 Verba
1262 1156 1348 1218 sunt

301 1256 403 1330 haec:
431 1267 488 1329 est
505 1266 628 1330 autem
643 1256 733 1347 alia,
749 1283 828 1354 queo
840 1256 981 1329 dicitnr
998 1255 1136 1329 relatio
1149 1259 1348 1331 secundnm

301 1397 489 1447 excessum
507 1383 545 1447 et
563 1373 759 1471 defectam.

350 1487 399 1561 B.
428 1487 556 1561 auido
606 1487 737 1560 Aliane
754 1486 863 1575 ratio,
882 1509 930 1558 an
952 1486 1025 1558 alia
1041 1486 1197 1561 relatio?

349 1598 396 1673 A.
422 1614 498 1684 ἄλλη
521 1615 629 1692 σχέσις,
651 1600 691 1673 ld
708 1612 777 1688 est,
795 1598 876 1671 alia
893 1598 1080 1672 habitudo.

349 1710 397 1786 Β.
425 1713 501 1786 Cur
517 1736 606 1809 ergo
631 1737 706 1786 non
733 1710 846 1785 vertit
868 1735 934 1807 per
959 1711 1038 1784 atio
1062 1711 1250 1802 habitudo,
1281 1712 1346 1785 sed

300 1849 368 1923 per
384 1825 467 1900 alia
483 1824 656 1900 relatio?

352 1940 402 2013 A.
431 1940 530 2017 Quia
556 1941 665 2028 ratio,
689 1963 772 2037 quae
798 1939 858 2012 hic
881 1939 1062 2028 innuitur,
1076 1963 1120 2013 ea
1148 1951 1206 2013 est
1236 1965 1345 2036 quam

300 2054 412 2150 vulgo
431 2064 566 2127 vocant
583 2055 765 2128 rationem
793 2053 1076 2142 arithmeticam,
1092 2077 1203 2148 quarn
1220 2054 1344 2126 Walli-

302 2167 376 2240 sins
399 2180 513 2264 negat
543 2192 623 2241 esse
650 2167 844 2241 rationem.
897 2167 1026 2262 Itaque
1057 2167 1167 2240 homo
1191 2168 1345 2255 subtilis,

301 2281 495 2354 sententiae
513 2305 589 2355 suae
608 2281 871 2356 convenienter
897 2280 1020 2354 locum
1036 2291 1197 2369 vertens,
1216 2281 1346 2354 maluit

300 2393 516 2468 relationem
535 2394 658 2469 dicere
675 2417 785 2491 qnam
804 2392 1066 2482 habitudinem,
1091 2417 1174 2489 quae
1190 2417 1262 2466 vox
1289 2405 1345 2466 est

302 2508 342 2580 in
361 2506 576 2581 definitione
591 2508 757 2581 rationis.
792 2507 935 2580 Deinde
945 2508 1055 2602 paulo
1071 2506 1177 2593 iufra,
1188 2507 1344 2602 praeviso

301 2621 401 2715 quod
429 2644 505 2692 non
533 2621 657 2716 inepte
686 2643 851 2717 quaerere
878 2621 960 2715 quis
977 2632 1112 2717 posset,
1131 2644 1179 2691 an
1199 2618 1289 2690 ina-it
1307 2620 1345 2690 in

301 2732 447 2804 ratione
463 2732 634 2828 qualitas
652 2734 809 2831 aliqna;
835 2732 1047 2829 respondet,
1065 2742 1106 2804 ut
1124 2734 1343 2830 figoorarom

301 2843 517 2941 magnitudo
534 2844 588 2916 ad
606 2847 852 2942 quantitatem
877 2855 1040 2942 spectat,
1056 2845 1111 2917 ita
1127 2846 1344 2943 figurarum

299 2957 445 3054 species
474 2968 624 3054 spectat
656 2958 710 3030 ad
737 2958 967 3056 qualitatem.
1027 2958 1142 3033 Quasi
1172 2957 1271 3030 aliud
1307 2959 1344 3030 in

299 3070 427 3167 figuris
442 3085 699 3166 compararent
716 3082 916 3166 geometrae
933 3083 1070 3167 praeter
1093 3073 1317 3167 quantitates
1334 3104 1343 3155 ;

300 3195 365 3255 aut
382 3195 477 3256 esset
495 3183 619 3279 aliqua
637 3183 730 3256 ratio
744 3182 1040 3278 magnitudinum
1052 3207 1135 3278 quae
1145 3195 1244 3256 esset
1257 3209 1345 3281 qua-

301 3295 396 3369 litas.
450 3297 528 3368 lllae
550 3298 641 3392 ipsae
658 3297 753 3371 ratio
781 3308 818 3369 et
847 3296 1049 3387 inclinatio,
1068 3309 1222 3392 propter
1250 3322 1341 3393 quas

298 3410 457 3504 figuram
476 3409 712 3503 qualitatibus
726 3408 912 3481 accenseri
929 3421 1099 3504 poscunt,
1123 3411 1241 3482 ambae
1258 3424 1344 3482 sunt

300 3522 539 3616 quantitates,
552 3545 621 3593 nec
638 3534 681 3594 ut
698 3520 840 3618 quake,
857 3521 922 3593 sed
940 3533 982 3594 ut
1006 3532 1151 3618 quanta
1178 3524 1344 3595 conside-

299 3646 432 3706 rantur
448 3658 471 3706 a
487 3635 767 3708 mathematicis.
796 3635 908 3709 Quod
920 3634 1153 3730 Meybomius
1171 3647 1343 3732 quantam

299 3770 322 3819 a
338 3756 447 3843 qnoto
464 3771 539 3819 non
554 3746 770 3843 distinguat,
789 3749 835 3820 ab
852 3747 1017 3821 Wallisio
1031 3761 1131 3821 recte
1146 3749 1342 3846 reprehen-

300 3859 410 3932 ditur.
479 3859 634 3948 Deinde,
670 3861 769 3956 quod
807 3860 1060 3955 Meybomium
1094 3861 1339 3958 reprehendit,

299 3973 386 4065 quia
403 3974 441 4044 in
472 3972 561 4046 locis
580 3973 721 4069 aliquot
747 3984 927 4061 veterum,
942 3973 1007 4045 ubi
1036 3974 1244 4046 emendatio
1276 3972 1339 4044 de-

297 4083 409 4157 bebat
425 4086 505 4157 fieri
527 4111 595 4182 per
607 4098 784 4169 διπλασίονα,
801 4085 974 4158 emendat
1000 4109 1066 4183 per
1080 4097 1238 4172 διπλάσιον,
1264 4109 1340 4155 me-

297 4197 371 4270 rito
390 4199 487 4271 fecit.
542 4200 615 4271 Sed
642 4200 740 4295 quod
765 4199 997 4295 Meybomius
1015 4197 1113 4271 idem
1130 4198 1335 4295 significare

297 4322 491 4385 censuerat
506 4323 656 4382 διπλασίων
674 4324 711 4384 et
730 4323 883 4403 διπλάσιος,
899 4325 1000 4386 recte
1014 4311 1157 4385 censuit
1176 4343 1185 4395 ;
1212 4309 1340 4383 Walli-
