2946 5010
361 399 673 453 maruannrrcm
693 401 936 452 normann.
1094 388 1160 451 135

125 559 217 634 lianc
234 570 272 634 et
288 563 553 638 detractionem
570 589 639 636 non
658 588 739 636 ease
756 566 916 662 proprie
939 565 1164 640 additionem

125 683 162 746 et
177 674 506 759 subatractionem3
531 678 622 774 qnia
636 675 747 766 atina,
758 678 878 774 inquit
896 679 994 751 idem
1005 678 1163 770 Clarius,

125 798 223 861 earet
241 799 352 862 totam
371 789 510 886 aqnale
523 791 645 889 parti,
663 801 702 863 et
718 791 863 874 minna;
889 801 927 864 et
940 793 1059 887 major
1068 816 1164 890 pro-

118 902 249 998 portio
262 913 392 1000 posaet
409 903 561 977 detrahi
577 928 625 976 ea
645 904 794 977 minore.
848 905 953 993 Quae,
980 916 1021 977 ut
1037 905 1164 978 viden-

126 1025 186 1087 tur
216 1014 282 1104 illi,
312 1016 482 1106 absurda,
517 1017 682 1112 pluribus
712 1017 888 1114 exemplis
915 1042 961 1090 ex
991 1018 1164 1114 opinione

125 1129 311 1202 contraria
328 1129 477 1203 deducit
498 1130 561 1224 (ad
579 1132 689 1203 finem
707 1131 762 1203 El.
782 1132 850 1225 ix).

173 1239 221 1312 B.
250 1241 507 1316 Nesoientibus
534 1242 686 1315 rationis
713 1244 860 1340 majoris
890 1242 938 1316 ad
968 1243 1101 1333 miuus,
1125 1244 1164 1317 id

126 1365 192 1444 est,
211 1355 427 1450 quantitatis
445 1355 492 1428 ad
510 1356 767 1451 quantitatem,
794 1367 963 1430 naturam
983 1357 1164 1431 diversam

126 1492 205 1542 esse
222 1493 246 1542 a
263 1469 404 1542 ratione
423 1469 573 1543 minoris
591 1470 639 1542 ad
655 1472 785 1565 majuS,
805 1470 843 1544 id
863 1480 929 1555 est,
947 1470 1164 1565 privationis

126 1580 343 1677 quantitatis
361 1580 409 1654 ad
424 1580 668 1676 privationem
686 1582 913 1676 quantitatis,
941 1596 979 1656 et
1006 1581 1165 1656 mediam

126 1694 224 1768 inter
240 1708 433 1790 utramque
451 1718 530 1768 esse
548 1695 729 1767 rationem
753 1695 959 1790 aequalium,
988 1695 1077 1768 satis
1103 1697 1166 1769 ab·

127 1807 236 1882 surde
261 1821 368 1881 sonat
393 1810 569 1904 majorem
596 1808 776 1880 rationem
806 1832 828 1880 a
854 1808 994 1881 minore
1022 1807 1166 1882 detrahi

126 1945 246 2018 posse,
264 1932 302 1995 et
319 1933 436 1995 totam
453 1923 635 1995 rationem
653 1922 816 2017 ejusdem
829 1935 934 2017 parte
952 1946 1030 1995 esse
1047 1923 1166 1995 miuo-

126 2058 216 2108 rem.
270 2034 342 2109 Sed
368 2037 399 2108 si
422 2035 653 2109 considerare
680 2035 817 2108 vellent
845 2035 943 2132 quod
971 2036 1032 2131 qui
1061 2034 1165 2109 addit

125 2148 324 2243 privationi
337 2149 591 2245 privationem,
609 2150 853 2244 quantitatem
869 2148 958 2222 facit
974 2150 1167 2240 minorem,

66 2272 69 2276 ‘
128 2263 253 2358 etqui
280 2263 522 2358 privationem
545 2286 567 2334 a
592 2262 797 2359 privatione
829 2262 1002 2351 detrahit,
1024 2263 1169 2358 quanti-

127 2385 242 2448 tatem
258 2375 349 2448 facit
366 2377 564 2471 majorem;
590 2374 698 2448 facile
723 2374 796 2448 diei
823 2375 964 2450 ferrent
987 2376 1166 2450 rationem

127 2489 305 2584 majorem
318 2489 505 2576 aminare,
520 2499 558 2560 et
572 2500 688 2560 totam
702 2513 724 2560 a
738 2500 843 2584 parte
856 2513 963 2584 posse
976 2490 1154 2564 subtrahi.

178 2601 228 2674 A.
255 2602 414 2691 Erravit,
432 2602 521 2689 scio,
540 2601 738 2690 Wallisius,
757 2602 822 2674 sed
848 2626 932 2675 cum
957 2600 1168 2676 doctissimo

129 2715 277 2789 Clario:
297 2715 509 2788 doctissimo
527 2714 675 2809 quidem
685 2714 923 2802 lesuitarum,
935 2726 972 2789 et
989 2717 1168 2812 scriptore

129 2828 290 2901 omnium
304 2828 521 2901 saeculorum
533 2828 823 2923 diligentissimo.
847 2828 1033 2902 Wallisius
1044 2841 1168 2904 autem

128 2965 215 3030 uon,
234 2954 278 3013 ut
295 2941 367 3029 ille,
380 2941 640 3037 quaesibundus
658 2942 805 3031 erravit,
817 2941 881 3015 sed
899 2966 1059 3016 errorem
1071 2944 1168 3019 illius

128 3054 302 3150 amplecti
311 3055 399 3127 satis
414 3055 553 3142 habuit,
565 3055 749 3151 quomodo
763 3056 1001 3149 quaerendum
1015 3058 1168 3132 ulterius

128 3179 226 3241 esset
257 3167 442 3262 ignorans.
495 3169 671 3240 Attamen
700 3169 871 3256 obtinuit,
901 3171 1011 3242 etiam
1039 3184 1169 3245 contra

128 3280 350 3353 seutentiam
368 3279 496 3368 Clavii,
519 3293 562 3352 ut
587 3292 739 3353 vocetur
766 3283 982 3378 compositio
1003 3284 1166 3374 rationis,

128 3406 280 3490 propter
310 3393 384 3465 vim
418 3392 529 3466 credo
557 3394 667 3466 etiam
694 3395 792 3467 intus
816 3395 965 3468 latentis
990 3397 1167 3485 veritatis,

128 3507 277 3582 additio
299 3506 552 3602 potiusquam
576 3506 849 3605 multiplicatio.
906 3509 979 3583 Sed
1007 3509 1045 3582 id
1069 3534 1168 3606 aegre

127 3620 200 3693 fert
217 3619 425 3702 Wallisius3
452 3619 689 3715 quincentum
705 3630 773 3708 eat,
792 3621 923 3718 iuquit,
942 3623 1168 3718 quantitates

128 3733 279 3805 invicem
298 3731 554 3830 multiplicari,
572 3757 643 3804 non
661 3732 780 3806 addi:
798 3735 902 3828 quasi
920 3735 1070 3824 diceret,
1082 3736 1168 3832 qnia

128 3844 345 3944 componitio
360 3844 542 3917 rationum
555 3845 611 3938 fit
628 3868 705 3941 per
727 3844 1068 3943 multiplicationem
1093 3856 1169 3920 ter-

127 3959 316 4047 minorum,
339 3979 434 4055 ergo
458 3956 675 4054 compositio
699 3956 884 4029 rationum
908 3968 966 4031 eat
991 3958 1171 4057 rnnltipli·

126 4072 228 4145 catio
245 4069 440 4143 rationum.
493 4069 622 4164 Itaque
645 4069 867 4164 paulopost,
900 4071 1170 4169 deaignandam

126 4195 251 4259 autern
268 4181 406 4272 malim,
420 4181 552 4278 inquit,
567 4206 640 4280 per
654 4192 777 4256 notam
796 4207 818 4250 ><
834 4183 1168 4283 multiplicationis,

1195 595 1346 636 Drahonus

1196 677 1345 778 L
