2946 5010
298 386 365 451 154
511 400 782 453 uxaurunrro
803 400 854 452 ur
874 401 1123 454 uununauro

103 591 254 632 unrocus
293 590 366 661 quo
396 563 513 639 utitur
537 567 627 663 ipse,
655 568 744 641 alias
774 569 1176 664 negasset—Numeri,
1203 568 1335 664 inquit,

107 673 251 776 L
294 690 316 754 2
334 690 373 753 et
390 689 425 768 3,
443 680 556 753 simul
578 681 704 755 additi
729 682 953 755 constituunt
970 693 1004 772 5,
1027 707 1250 780 quacunque
1272 706 1336 753 rea

293 792 368 866 itta
394 794 469 866 siut
494 819 577 891 quce
603 805 853 883 numerantur,
865 805 974 893 puta,
997 795 1074 867 siue
1090 795 1241 892 integra
1257 793 1337 865 siue

285 917 435 1005 partes.
487 907 544 980 Et
573 932 649 1004 qua
676 907 824 980 ratione
848 917 870 981 2
895 918 933 980 et
962 917 984 980 3
1008 908 1169 980 homiues
1197 917 1280 979 aunt
1312 918 1332 979 5

291 1020 464 1110 homines,
482 1031 565 1108 etc,
584 1020 712 1093 eudem
729 1019 847 1116 plane
864 1021 1010 1093 ratione
1027 1031 1049 1094 2
1067 1029 1104 1092 et
1122 1029 1144 1092 3
1162 1020 1334 1093 semisses

291 1144 375 1207 aaut
394 1142 414 1206 5
433 1133 763 1207 semisses-Cum
791 1157 879 1229 ergo
905 1143 927 1207 2
947 1147 985 1207 et
1003 1142 1026 1206 3
1052 1134 1219 1208 homiues
1249 1146 1336 1206 sunt

290 1270 398 1319 verus
427 1271 628 1332 numerus;
655 1247 767 1320 etiam
794 1257 816 1320 2
836 1260 874 1320 et
895 1256 918 1320 3
941 1247 1120 1337 semisses,
1138 1248 1197 1319 vel
1224 1247 1334 1319 etiam

291 1369 314 1434 2
333 1372 372 1433 et
389 1368 412 1432 3
429 1359 639 1432 centesimae
655 1372 742 1432 sunt
754 1383 862 1432 verus
880 1384 1078 1440 numerus;
1105 1370 1192 1432 sunt
1209 1371 1335 1432 autem

290 1472 490 1546 fractiones
505 1503 515 1557 t
542 1486 598 1546 est
616 1495 704 1569 ergo
722 1473 854 1547 fractio
868 1497 975 1546 verus
993 1496 1177 1546 numerus.
1223 1470 1333 1544 Quod

292 1609 376 1660 cum
394 1585 455 1658 ille
481 1585 520 1657 iu
536 1586 830 1682 praecedentibus
857 1609 1001 1681 semper
1029 1585 1230 1682 negaverit,
1247 1607 1333 1679 pro-

290 1698 450 1794 positum
476 1722 551 1770 non
579 1698 855 1772 demonstravit.
907 1698 1080 1772 Ostendit
1104 1697 1213 1794 paulo
1238 1710 1333 1793 post,

292 1809 448 1885 duarum
464 1811 686 1885 fractionum
710 1813 873 1886 diversos
891 1811 1104 1885 habentium
1121 1810 1333 1884 denomina-

291 1936 402 2013 tores,
419 1924 467 1998 ad
491 1925 582 1999 duas
611 1926 700 1999 alias
730 1950 813 2023 quae
843 1925 1161 1999 denominatorem
1177 1924 1334 1997 eundem

290 2037 441 2128 habent,
456 2038 720 2112 reductionem.
762 2038 940 2134 Exemplo
953 2038 1071 2111 utitur
1084 2036 1165 2130 ξεῖ
1179 2035 1229 2128 -Ῑ-,
1244 2060 1335 2133 quas

189 2242 191 2246 y
290 2150 488 2224 fractiones
517 2151 749 2225 adeundam
777 2152 1090 2225 denominatorem
1118 2151 1246 2224 reduci
1273 2151 1336 2223 de-

290 2275 485 2354 monstrat,
503 2289 648 2361 nempe,
666 2265 714 2339 ad
731 2264 950 2338 fractionem
977 2265 1074 2339 hanc
1098 2263 1168 2357 -,⁴,-÷
1179 2262 1256 2355 *1⁸3²
1270 2261 1334 2356 2⁷7²

290 2389 329 2452 et
357 2379 517 2475 quidem,
546 2402 631 2451 cum
659 2379 740 2452 aliis
763 2379 959 2475 plerisque,
989 2391 1101 2452 recte.
1158 2378 1335 2473 Adeoque

289 2493 424 2565 mirum
442 2502 509 2579 est,
528 2491 627 2586 quod
651 2516 726 2564 nou
743 2492 877 2564 viderit
901 2491 1100 2564 fractiones
1118 2504 1156 2564 et
1174 2491 1335 2564 rationes

291 2618 470 2700 quantum
497 2603 684 2676 differunt.
738 2604 833 2676 Nam
861 2604 892 2676 si
915 2604 1009 2677 ratio
1026 2602 1073 2694 ξ,
1091 2605 1129 2677 id
1146 2614 1213 2693 est,
1227 2605 1336 2697 juxta

289 2716 392 2789 illum
410 2716 505 2788 ratio
529 2724 543 2787 l
566 2715 613 2787 ad
632 2724 666 2804 3,
685 2715 843 2789 addatur
860 2716 994 2789 rationi
1023 2714 1062 2807 {-,
1082 2717 1120 2789 id
1138 2728 1205 2805 est,
1222 2728 1266 2788 ut
1282 2717 1335 2787 illi

289 2830 422 2925 placet,
447 2829 580 2901 rationi
604 2839 617 2902 l
641 2829 687 2901 ad
707 2841 742 2918 4,
767 2854 910 2902 summa
936 2831 1006 2902 erit
1035 2831 1129 2904 ratio
1144 2828 1196 2921 ᾗ,
1212 2830 1250 2902 id
1268 2844 1335 2918 est,

289 2943 384 3016 ratio
403 2941 487 3024 7ad
504 2951 569 3014 12:
590 2942 689 3036 quod
708 2943 900 3015 manifeste
918 2943 1050 3015 falsum
1069 2955 1135 3016 est.
1181 2944 1219 3016 Si
1238 2944 1336 3016 enim

289 3057 383 3129 ratio
413 3055 498 3129 lad
524 3065 545 3128 3
575 3054 733 3128 addatur
763 3057 896 3130 rationi
928 3057 1012 3130 lad
1030 3069 1064 3147 4,
1095 3083 1238 3131 summa
1267 3059 1337 3130 erit

289 3171 385 3242 ratio
419 3178 432 3243 l
464 3169 512 3242 ad
545 3178 601 3256 12,
636 3169 676 3241 id
710 3183 778 3259 est,
815 3169 1018 3242 secuudum
1044 3168 1259 3260 Wallisium,
1295 3167 1336 3262 ξς.

290 3284 421 3379 Itaque
439 3281 598 3379 aequales
626 3282 722 3354 inter
746 3306 785 3354 se
803 3279 965 3374 eruutq}
990 3295 1027 3356 et
1047 3282 1098 3374 ὲ.
1150 3285 1217 3357 Vel
1236 3310 1337 3358 com-

289 3398 461 3494 ponendo
492 3395 653 3468 rationes
680 3420 722 3468 eo
749 3397 859 3471 modo
884 3422 993 3493 quem
1021 3397 1128 3470 docet
1154 3399 1336 3488 Euclides,

289 3523 396 3583 erunt
419 3509 493 3602 {Jr
510 3504 629 3600 }-=;¹,·.
684 3509 871 3597 Similiter,
899 3510 1030 3583 fractio
1048 3515 1068 3595 ὲ
1089 3510 1216 3583 addita
1242 3510 1338 3583 frac-

289 3625 382 3697 tioni
399 3624 431 3710 l,
450 3622 672 3718 duplicatur,
702 3635 741 3695 et
771 3626 812 3696 fit
836 3633 866 3696 l.
919 3627 969 3695 At
995 3624 1089 3696 ratio
1115 3633 1128 3696 l
1151 3624 1198 3697 ad
1217 3635 1253 3711 2,
1272 3624 1338 3696 ad-

289 3736 367 3810 dita
390 3736 524 3808 rationi
548 3745 562 3807 l
590 3735 637 3807 ad
656 3746 691 3823 2,
718 3736 938 3831 duplicatur,
963 3750 1001 3809 et
1019 3738 1062 3809 fit
1079 3738 1173 3810 ratio
1196 3745 1211 3810 l
1234 3737 1282 3810 ad
1299 3750 1335 3809 4.

289 3849 384 3921 Sunt
415 3873 503 3945 ergo
535 3872 602 3945 per
620 3849 735 3938 illum,
763 3851 826 3946 qui
852 3851 1071 3923 fractionem
1095 3865 1133 3923 et
1156 3853 1336 3924 rationem

287 3985 355 4057 pro
390 3962 519 4034 eadem
554 3963 665 4035 habet
695 3987 747 4052 re,
780 3978 798 4057 ᾗ
833 3974 870 4034 et
910 3974 922 4035 l
962 3965 1059 4037 iuter
1093 3989 1131 4038 se
1167 3965 1334 4060 aequales.

290 4073 401 4147 Quod
434 4076 536 4149 vides
572 4100 681 4172 quam
718 4078 766 4148 sit
796 4076 1008 4150 absurdum.
1072 4079 1145 4151 Sed
1179 4077 1337 4150 absurda

288 4210 371 4280 quae
394 4188 432 4260 in
457 4190 545 4284 ipsis
570 4189 733 4261 numeris
755 4189 842 4262 satis
866 4202 1008 4285 patent,
1028 4192 1212 4287 descripta
1241 4215 1338 4287 sym-

285 4299 378 4371 bolis
399 4302 649 4396 symbolorum
675 4303 876 4396 imperitos,
896 4328 977 4398 quae
1005 4318 1061 4377 est
1088 4305 1225 4378 utilitas
1244 4329 1340 4401 sym·
