2946 5010
298 385 369 451 264
620 400 674 452 na
694 400 863 453 narona
883 400 1018 453 nanis.

298 565 529 663 superficiem
564 567 719 639 suctoris
762 590 963 639 convexam
994 577 1033 638 et
1065 564 1219 661 cylindri
1256 589 1346 638 con·

298 705 439 767 cavam,
461 704 570 776 quem
589 681 761 778 deinceps
779 705 926 753 cursum
944 681 1079 753 habere
1096 679 1315 752 arbitratis?

351 793 399 866 B.
428 793 583 867 Cursum
601 795 723 881 habet,
741 795 873 892 primo,
899 793 1101 866 secundum
1122 793 1238 866 lineas
1260 793 1345 866 illas

298 921 453 994 erectae,
473 931 555 1002 quae
575 907 807 979 constituunt
825 907 981 1003 cylindri
999 907 1229 1001 superficiem
1253 930 1345 978 con-

300 1042 427 1092 cavam
444 1052 454 1103 ;
483 1018 627 1105 deinde,
645 1044 711 1116 per
728 1021 843 1093 lineas
862 1045 944 1116 quae
968 1021 1198 1093 constituunt
1215 1043 1346 1116 super-

299 1132 419 1204 ficiem
443 1133 626 1206 lacunaris
650 1134 806 1229 cylindri
832 1135 1008 1229 ejusdem.
1060 1135 1190 1229 ltaque
1219 1143 1347 1229 partes

300 1245 394 1317 aeris
426 1245 664 1341 ingredientis
693 1270 759 1341 per
786 1246 900 1318 lineas
929 1259 1048 1319 rectas
1080 1246 1347 1318 diametraliter

301 1358 498 1453 oppositas,
514 1360 759 1432 movebuntur
778 1360 1011 1455 undiquaque
1025 1360 1185 1432 motibus
1199 1359 1347 1432 obviam

300 1472 508 1545 contrariis.
560 1471 778 1545 Necessario
805 1495 894 1568 ergo
917 1496 956 1545 se
983 1484 1112 1545 mutuo
1134 1485 1347 1568 prementes

301 1585 534 1657 conabuntur
549 1608 616 1680 per
633 1585 747 1657 lineas
765 1585 959 1658 interiores
975 1615 984 1668 ;
1012 1598 1051 1659 et
1072 1596 1224 1681 propter
1242 1609 1347 1680 pres-

301 1697 440 1770 sionem
459 1698 619 1794 undique
638 1698 825 1794 aeqnalem,
840 1709 982 1771 motum
996 1699 1143 1795 quidem
1156 1699 1348 1771 habebunt

300 1809 339 1882 in
374 1822 543 1882 neutram
579 1824 724 1906 partem
758 1812 981 1900 sensibilem,
1016 1824 1188 1884 conatum
1220 1824 1348 1885 autem

300 1924 556 1996 vehementem
584 1949 814 2020 unaquaeque
844 1949 930 2020 pars
955 1938 1084 1998 contra
1107 1936 1250 2021 partem
1275 1925 1347 1998 sibi

302 2048 567 2109 occurrentem.

354 2149 400 2221 A.
429 2149 589 2222 Necesse
615 2174 703 2246 ergo
734 2150 816 2239 erit,
844 2162 887 2223 ut
911 2161 1011 2224 totus
1035 2151 1097 2223 ille
1125 2175 1199 2240 aer,
1227 2150 1349 2224 donec
1381 2149 1385 2155 ’

301 2261 436 2335 durent
450 2262 501 2334 illi
520 2276 672 2336 conatus
689 2264 860 2359 oppositi,
874 2264 1151 2336 consistentiam
1170 2264 1349 2359 majorem

300 2375 435 2447 lrabeat
452 2398 561 2469 quam
580 2376 610 2449 si
633 2391 756 2471 partes
783 2377 861 2471 ejus
887 2378 965 2450 solo
993 2388 1166 2450 contactu
1191 2379 1349 2472 conjun-

302 2500 491 2584 gerentur.

354 2600 401 2671 B.
429 2603 479 2673 At
493 2626 611 2696 neque
626 2604 790 2691 candela,
804 2629 922 2700 neque
936 2606 1112 2677 carbones
1127 2606 1163 2676 in
1179 2604 1349 2701 cylindro

303 2714 471 2785 collocati
491 2729 589 2802 sunt,
608 2717 672 2787 sed
691 2718 726 2788 in
747 2720 958 2813 recipiente.

353 2826 401 2897 A.
431 2827 526 2898 Scin.
566 2829 637 2900 Sed
656 2831 772 2914 lineae,
788 2856 852 2925 per
867 2856 956 2926 quas
972 2844 1091 2903 motus
1106 2832 1349 2926 ingredientis

303 2940 397 3011 aeris
433 2940 683 3036 designantur,
720 2959 849 3039 aperto
886 2946 1053 3031 transitu,
1088 2947 1126 3016 in
1160 2945 1349 3016 communi

303 3055 397 3125 ostio
429 3078 467 3125 se
499 3068 626 3127 mutuo
662 3071 799 3145 secant,
830 3071 866 3130 et
895 3084 962 3153 per
990 3082 1228 3153 consequens
1260 3058 1351 3130 licet

303 3169 446 3239 inverso
465 3169 604 3256 ordine,
632 3185 784 3243 conatus
804 3173 897 3243 aeris
924 3172 1089 3243 similiter
1107 3171 1281 3266 procedet
1310 3172 1350 3243 iu

303 3282 501 3377 recipiente
520 3295 630 3378 atque
651 3284 688 3355 in
711 3284 898 3379 cylindr03
927 3284 1126 3378 eademque
1151 3285 1220 3355 erit
1247 3297 1352 3355 utro-

303 3397 412 3487 bique
431 3396 525 3467 aeris
544 3397 793 3483 consistentia,
812 3396 933 3468 media
959 3398 1124 3489 quaedam
1145 3397 1240 3468 inter
1258 3421 1350 3468 con-

305 3509 488 3580 sistentias
507 3511 601 3580 aeris
620 3510 702 3604 puri
720 3524 758 3581 et
780 3535 896 3605 aquae.
948 3511 1080 3604 Cogita
1106 3535 1205 3604 ergo,
1238 3535 1351 3605 quam

305 3622 352 3692 sit
369 3623 510 3692 naturis
529 3646 653 3693 earum
673 3624 720 3694 ad
739 3623 928 3695 candelam
946 3625 1004 3696 vel
1020 3625 1142 3719 ignem
1161 3625 1217 3695 vel
1233 3625 1350 3697 vitam

305 3736 528 3820 animalium,
548 3761 630 3828 quse
652 3738 781 3809 saltem
800 3739 914 3809 vitam
937 3739 1172 3833 pulmonibus
1199 3739 1351 3825 debent,

305 3849 590 3943 extinguendam
619 3851 673 3921 vis
705 3851 831 3921 similis
860 3864 1127 3934 consentanea;
1165 3876 1351 3946 quamque

305 3963 550 4032 necessarium
569 3963 615 4033 sit
630 3974 766 4033 conatu
783 3963 846 4033 illo
860 3963 1029 4034 circulari
1044 3965 1080 4035 in
1097 3965 1195 4035 omui
1210 3977 1352 4058 puncto

306 4074 515 4166 recipientis
535 4089 673 4146 motum
694 4076 960 4163 vehementem,
986 4101 1195 4171 quanquam
1223 4078 1352 4150 invisi-

306 4185 427 4269 bilem,
446 4188 536 4257 fieri.
591 4188 707 4258 Simili
726 4188 835 4259 modo
862 4189 960 4259 eirca
977 4191 1062 4275 vim,
1094 4214 1166 4283 qua
1195 4190 1353 4263 candela

308 4299 555 4393 carbonesque
574 4302 680 4395 igniti
706 4303 973 4396 extinguuntur
991 4303 1028 4373 in
1053 4302 1198 4388 fodinis
1231 4304 1352 4377 deter-
