<?xml version="1.0" encoding="UTF-8"?>
<!DOCTYPE html PUBLIC "-//W3C//DTD XHTML 1.0 Transitional//EN"
    "http://www.w3.org/TR/xhtml1/DTD/xhtml1-transitional.dtd">
<html xmlns="http://www.w3.org/1999/xhtml" xml:lang="en" lang="en">
 <head>
  <title>
</title>
<meta http-equiv="Content-Type" content="text/html;charset=utf-8" />
  <meta name='ocr-system' content='tesseract 3.04.00' />
  <meta name='ocr-capabilities' content='ocr_page ocr_carea ocr_par ocr_line ocrx_word'/>
</head>
<body>
  <div class='ocr_page' id='page_1' title='image "./thomhobbesmalme01hobbgoog_0406.png"; bbox 0 0 2946 5010; ppageno 0'>
   <div class='ocr_carea' id='block_1_1' title="bbox 509 405 1203 488">
    <p class='ocr_par' dir='ltr' id='par_1_1' title="bbox 509 405 1203 488">
     <span class='ocr_line' id='line_1_1' title="bbox 509 405 1203 488; baseline -0.004 -9"><span class='ocrx_word' id='word_1_1' title='bbox 509 425 845 480; x_wconf 74' lang='lat' dir='ltr'>ououu&#39;rimuum.</span> <span class='ocrx_word' id='word_1_2' title='bbox 1129 405 1203 488; x_wconf 84' lang='lat'>397</span> 
     </span>
    </p>
   </div>
   <div class='ocr_carea' id='block_1_2' title="bbox 159 589 1404 1370">
    <p class='ocr_par' dir='ltr' id='par_1_2' title="bbox 160 589 1379 690">
     <span class='ocr_line' id='line_1_2' title="bbox 160 589 1379 690; baseline -0.014 -17"><span class='ocrx_word' id='word_1_3' title='bbox 160 596 252 673; x_wconf 79' lang='lat' dir='ltr'>Quis</span> <span class='ocrx_word' id='word_1_4' title='bbox 270 595 366 669; x_wconf 87' lang='lat' dir='ltr'>enim</span> <span class='ocrx_word' id='word_1_5' title='bbox 381 593 564 690; x_wconf 85' lang='lat' dir='ltr'>intelligat</span> <span class='ocrx_word' id='word_1_6' title='bbox 581 617 654 690; x_wconf 91' lang='lat' dir='ltr'>quo</span> <span class='ocrx_word' id='word_1_7' title='bbox 671 589 782 665; x_wconf 93' lang='lat' dir='ltr'>modo</span> <span class='ocrx_word' id='word_1_8' title='bbox 799 601 939 688; x_wconf 82' lang='lat' dir='ltr'>punctu</span> <span class='ocrx_word' id='word_1_9' title='bbox 955 590 1077 665; x_wconf 86' lang='lat' dir='ltr'>media</span> <span class='ocrx_word' id='word_1_10' title='bbox 1093 590 1201 666; x_wconf 86' lang='lat' dir='ltr'>lineae</span> <span class='ocrx_word' id='word_1_11' title='bbox 1254 618 1322 660; x_wconf 76' lang='lat' dir='ltr'>cm».</span> <span class='ocrx_word' id='word_1_12' title='bbox 1338 617 1379 657; x_wconf 73' lang='grc' dir='ltr'>ιν.</span> 
     </span>
    </p>

    <p class='ocr_par' dir='ltr' id='par_1_3' title="bbox 159 686 1404 919">
     <span class='ocr_line' id='line_1_3' title="bbox 159 686 1404 807; baseline -0.011 -22"><span class='ocrx_word' id='word_1_13' title='bbox 159 735 204 785; x_wconf 85' lang='lat' dir='ltr'>ex</span> <span class='ocrx_word' id='word_1_14' title='bbox 222 734 327 807; x_wconf 88' lang='lat' dir='ltr'>aequo</span> <span class='ocrx_word' id='word_1_15' title='bbox 337 710 464 804; x_wconf 86' lang='lat' dir='ltr'><strong>jacent</strong></span> <span class='ocrx_word' id='word_1_16' title='bbox 481 709 577 781; x_wconf 86' lang='lat' dir='ltr'>inter</span> <span class='ocrx_word' id='word_1_17' title='bbox 594 704 786 779; x_wconf 81' lang='lat' dir='ltr'>extrema?</span> <span class='ocrx_word' id='word_1_18' title='bbox 1225 686 1404 794; x_wconf 40' lang='lat' dir='ltr'>mmm</span> 
     </span>
     <span class='ocr_line' id='line_1_4' title="bbox 210 823 1204 919; baseline -0.006 -22"><span class='ocrx_word' id='word_1_19' title='bbox 210 823 295 898; x_wconf 76' lang='lat' dir='ltr'>Quo</span> <span class='ocrx_word' id='word_1_20' title='bbox 315 833 532 919; x_wconf 84' lang='lat' dir='ltr'>argumento</span> <span class='ocrx_word' id='word_1_21' title='bbox 551 832 737 894; x_wconf 87' lang='lat' dir='ltr'>ostensum</span> <span class='ocrx_word' id='word_1_22' title='bbox 755 829 811 892; x_wconf 87' lang='lat' dir='ltr'>est</span> <span class='ocrx_word' id='word_1_23' title='bbox 828 828 1007 915; x_wconf 87' lang='lat' dir='ltr'>punctum</span> <span class='ocrx_word' id='word_1_24' title='bbox 1030 842 1105 892; x_wconf 90' lang='lat' dir='ltr'>non</span> <span class='ocrx_word' id='word_1_25' title='bbox 1123 840 1204 891; x_wconf 84' lang='lat' dir='ltr'>esse</span> 
     </span>
    </p>

    <p class='ocr_par' dir='ltr' id='par_1_4' title="bbox 160 930 1204 1025">
     <span class='ocr_line' id='line_1_5' title="bbox 160 930 1204 1025; baseline -0.006 -15"><span class='ocrx_word' id='word_1_26' title='bbox 160 961 226 1011; x_wconf 84' lang='lat' dir='ltr'>sua</span> <span class='ocrx_word' id='word_1_27' title='bbox 242 946 386 1025; x_wconf 83' lang='lat' dir='ltr'>natura,</span> <span class='ocrx_word' id='word_1_28' title='bbox 405 933 471 1009; x_wconf 86' lang='lat' dir='ltr'>sed</span> <span class='ocrx_word' id='word_1_29' title='bbox 488 932 717 1007; x_wconf 88' lang='lat' dir='ltr'>solummodo</span> <span class='ocrx_word' id='word_1_30' title='bbox 734 943 776 1005; x_wconf 84' lang='lat' dir='ltr'>ut</span> <span class='ocrx_word' id='word_1_31' title='bbox 793 932 1065 1006; x_wconf 84' lang='lat' dir='ltr'>consideratum</span> <span class='ocrx_word' id='word_1_32' title='bbox 1084 930 1121 1004; x_wconf 94' lang='lat' dir='ltr'>in</span> <span class='ocrx_word' id='word_1_33' title='bbox 1140 930 1204 1004; x_wconf 89' lang='lat' dir='ltr'>de·</span> 
     </span>
    </p>

    <p class='ocr_par' dir='ltr' id='par_1_5' title="bbox 160 1041 1205 1137">
     <span class='ocr_line' id='line_1_6' title="bbox 160 1041 1205 1137; baseline -0.008 -12"><span class='ocrx_word' id='word_1_34' title='bbox 160 1049 500 1137; x_wconf 76' lang='lat' dir='ltr'>monstrationibuS,</span> <span class='ocrx_word' id='word_1_35' title='bbox 531 1046 774 1120; x_wconf 86' lang='lat' dir='ltr'>indivisibile:</span> <span class='ocrx_word' id='word_1_36' title='bbox 802 1044 932 1119; x_wconf 88' lang='lat' dir='ltr'>eodem</span> <span class='ocrx_word' id='word_1_37' title='bbox 960 1041 1205 1118; x_wconf 82' lang='lat' dir='ltr'>demonstrari</span> 
     </span>
    </p>

    <p class='ocr_par' dir='ltr' id='par_1_6' title="bbox 161 1155 1204 1262">
     <span class='ocr_line' id='line_1_7' title="bbox 161 1155 1204 1262; baseline -0.01 -24"><span class='ocrx_word' id='word_1_38' title='bbox 161 1174 294 1262; x_wconf 90' lang='lat' dir='ltr'>potest,</span> <span class='ocrx_word' id='word_1_39' title='bbox 312 1162 447 1236; x_wconf 86' lang='lat' dir='ltr'>lineam</span> <span class='ocrx_word' id='word_1_40' title='bbox 464 1183 538 1234; x_wconf 89' lang='lat' dir='ltr'>non</span> <span class='ocrx_word' id='word_1_41' title='bbox 558 1183 637 1234; x_wconf 86' lang='lat' dir='ltr'>esse</span> <span class='ocrx_word' id='word_1_42' title='bbox 662 1182 729 1232; x_wconf 86' lang='lat' dir='ltr'>sua</span> <span class='ocrx_word' id='word_1_43' title='bbox 750 1169 883 1232; x_wconf 83' lang='lat' dir='ltr'>natura</span> <span class='ocrx_word' id='word_1_44' title='bbox 901 1158 980 1230; x_wconf 86' lang='lat' dir='ltr'>sine</span> <span class='ocrx_word' id='word_1_45' title='bbox 997 1155 1204 1246; x_wconf 87' lang='lat' dir='ltr'>latitudine,</span> 
     </span>
    </p>

    <p class='ocr_par' dir='ltr' id='par_1_7' title="bbox 162 1268 1299 1370">
     <span class='ocr_line' id='line_1_8' title="bbox 162 1268 1299 1370; baseline -0.008 -20"><span class='ocrx_word' id='word_1_46' title='bbox 162 1277 226 1351; x_wconf 83' lang='lat' dir='ltr'>sed</span> <span class='ocrx_word' id='word_1_47' title='bbox 250 1274 479 1350; x_wconf 87' lang='lat' dir='ltr'>solummodo</span> <span class='ocrx_word' id='word_1_48' title='bbox 498 1283 679 1370; x_wconf 84' lang='lat' dir='ltr'>quatenus</span> <span class='ocrx_word' id='word_1_49' title='bbox 706 1270 938 1346; x_wconf 82' lang='lat' dir='ltr'>considerata</span> <span class='ocrx_word' id='word_1_50' title='bbox 956 1282 1013 1344; x_wconf 89' lang='lat' dir='ltr'>est</span> <span class='ocrx_word' id='word_1_51' title='bbox 1028 1271 1127 1345; x_wconf 82' lang='lat' dir='ltr'>inter</span> <span class='ocrx_word' id='word_1_52' title='bbox 1143 1268 1203 1343; x_wconf 84' lang='lat' dir='ltr'>de·</span> <span class='ocrx_word' id='word_1_53' title='bbox 1295 1296 1299 1304; x_wconf 73' lang='grc'><em>’</em></span> 
     </span>
    </p>
   </div>
   <div class='ocr_carea' id='block_1_3' title="bbox 161 1388 451 1464">
    <p class='ocr_par' dir='ltr' id='par_1_8' title="bbox 161 1388 451 1464">
     <span class='ocr_line' id='line_1_9' title="bbox 161 1388 451 1464; baseline -0.014 -1"><span class='ocrx_word' id='word_1_54' title='bbox 161 1388 451 1464; x_wconf 82' lang='lat' dir='ltr'>monstrandum.</span> 
     </span>
    </p>
   </div>
   <div class='ocr_carea' id='block_1_4' title="bbox 587 1625 784 1656">
    <p class='ocr_par' dir='ltr' id='par_1_9' title="bbox 587 1625 784 1656">
     <span class='ocr_line' id='line_1_10' title="bbox 588 1625 784 1637; baseline -0.005 -2"><span class='ocrx_word' id='word_1_55' title='bbox 588 1625 784 1637; x_wconf 57' lang='lat' dir='ltr'>n——q</span> 
     </span>
     <span class='ocr_line' id='line_1_11' title="bbox 587 1640 784 1656; baseline 0.01 -2"><span class='ocrx_word' id='word_1_56' title='bbox 587 1640 784 1656; x_wconf 81' lang='lat'>—</span> 
     </span>
    </p>
   </div>
   <div class='ocr_carea' id='block_1_5' title="bbox 514 1811 858 2039">
    <p class='ocr_par' dir='ltr' id='par_1_10' title="bbox 514 1811 858 2039">
     <span class='ocr_line' id='line_1_12' title="bbox 602 1811 765 1886; baseline 0 -1"><span class='ocrx_word' id='word_1_57' title='bbox 602 1811 705 1886; x_wconf 86' lang='lat' dir='ltr'><strong>CAP.</strong></span> <span class='ocrx_word' id='word_1_58' title='bbox 720 1813 765 1885; x_wconf 89' lang='lat' dir='ltr'>V.</span> 
     </span>
     <span class='ocr_line' id='line_1_13' title="bbox 514 1985 858 2039; baseline -0.003 -1"><span class='ocrx_word' id='word_1_59' title='bbox 514 1985 568 2038; x_wconf 73' lang='lat' dir='ltr'>nu</span> <span class='ocrx_word' id='word_1_60' title='bbox 594 1985 858 2039; x_wconf 74' lang='lat' dir='ltr'>supumucm.</span> 
     </span>
    </p>
   </div>
   <div class='ocr_carea' id='block_1_6' title="bbox 166 2112 1211 2554">
    <p class='ocr_par' dir='ltr' id='par_1_11' title="bbox 166 2112 1211 2554">
     <span class='ocr_line' id='line_1_14' title="bbox 167 2112 1210 2215; baseline -0.004 -25"><span class='ocrx_word' id='word_1_61' title='bbox 167 2117 394 2190; x_wconf 78' lang='lat' dir='ltr'>Dummmo</span> <span class='ocrx_word' id='word_1_62' title='bbox 413 2116 554 2213; x_wconf 84' lang='lat' dir='ltr'>quinta,</span> <span class='ocrx_word' id='word_1_63' title='bbox 572 2117 791 2215; x_wconf 69' lang='lat' dir='ltr'>mperficies</span> <span class='ocrx_word' id='word_1_64' title='bbox 817 2125 876 2189; x_wconf 72' lang='lat' dir='ltr'>est</span> <span class='ocrx_word' id='word_1_65' title='bbox 899 2139 978 2212; x_wconf 82' lang='lat' dir='ltr'>quae</span> <span class='ocrx_word' id='word_1_66' title='bbox 1003 2112 1210 2213; x_wconf 78' lang='lat' dir='ltr'>longitudi-</span> 
     </span>
     <span class='ocr_line' id='line_1_15' title="bbox 166 2227 1210 2327; baseline 0 -25"><span class='ocrx_word' id='word_1_67' title='bbox 166 2254 246 2302; x_wconf 83' lang='lat' dir='ltr'>nem</span> <span class='ocrx_word' id='word_1_68' title='bbox 264 2228 568 2327; x_wconf 81' lang='lat' dir='ltr'>latitudinemque</span> <span class='ocrx_word' id='word_1_69' title='bbox 584 2229 704 2321; x_wconf 79' lang='lat' dir='ltr'><em>habet,</em></span> <span class='ocrx_word' id='word_1_70' title='bbox 726 2230 854 2303; x_wconf 88' lang='lat' dir='ltr'>iisdem</span> <span class='ocrx_word' id='word_1_71' title='bbox 878 2227 1048 2301; x_wconf 89' lang='lat' dir='ltr'>omnibus</span> <span class='ocrx_word' id='word_1_72' title='bbox 1065 2228 1210 2302; x_wconf 79' lang='lat' dir='ltr'>laborat</span> 
     </span>
     <span class='ocr_line' id='line_1_16' title="bbox 167 2340 1208 2438; baseline -0.001 -24"><span class='ocrx_word' id='word_1_73' title='bbox 167 2345 265 2417; x_wconf 89' lang='lat' dir='ltr'>vitiis</span> <span class='ocrx_word' id='word_1_74' title='bbox 282 2367 368 2416; x_wconf 86' lang='lat' dir='ltr'>oum</span> <span class='ocrx_word' id='word_1_75' title='bbox 385 2342 599 2417; x_wconf 85' lang='lat' dir='ltr'>definitione</span> <span class='ocrx_word' id='word_1_76' title='bbox 625 2343 757 2417; x_wconf 86' lang='lat' dir='ltr'>lineae:</span> <span class='ocrx_word' id='word_1_77' title='bbox 784 2367 880 2433; x_wconf 87' lang='lat' dir='ltr'>cum,</span> <span class='ocrx_word' id='word_1_78' title='bbox 904 2340 1061 2437; x_wconf 85' lang='lat' dir='ltr'>exempli</span> <span class='ocrx_word' id='word_1_79' title='bbox 1076 2342 1208 2438; x_wconf 73' lang='lat' dir='ltr'>giutid,</span> 
     </span>
     <span class='ocr_line' id='line_1_17' title="bbox 166 2455 1211 2554; baseline -0.001 -25"><span class='ocrx_word' id='word_1_80' title='bbox 166 2458 272 2529; x_wconf 83' lang='lat' dir='ltr'>bases</span> <span class='ocrx_word' id='word_1_81' title='bbox 313 2456 468 2529; x_wconf 84' lang='lat' dir='ltr'>duorum</span> <span class='ocrx_word' id='word_1_82' title='bbox 508 2458 849 2554; x_wconf 65' lang='lat' dir='ltr'>hemisphaeriorum</span> <span class='ocrx_word' id='word_1_83' title='bbox 884 2456 966 2529; x_wconf 90' lang='lat' dir='ltr'>duae</span> <span class='ocrx_word' id='word_1_84' title='bbox 1001 2467 1098 2545; x_wconf 87' lang='lat' dir='ltr'>sunt,</span> <span class='ocrx_word' id='word_1_85' title='bbox 1133 2455 1211 2529; x_wconf 83' lang='lat' dir='ltr'>sive</span> 
     </span>
    </p>
   </div>
   <div class='ocr_carea' id='block_1_7' title="bbox 169 2566 1211 2665">
    <p class='ocr_par' dir='ltr' id='par_1_12' title="bbox 169 2566 1211 2665">
     <span class='ocr_line' id='line_1_18' title="bbox 169 2566 1211 2665; baseline 0.001 -24"><span class='ocrx_word' id='word_1_86' title='bbox 169 2568 510 2664; x_wconf 75' lang='lat' dir='ltr'>hemisphaeriorum</span> <span class='ocrx_word' id='word_1_87' title='bbox 537 2568 685 2643; x_wconf 87' lang='lat' dir='ltr'>illorum</span> <span class='ocrx_word' id='word_1_88' title='bbox 713 2570 869 2643; x_wconf 83' lang='lat' dir='ltr'>alterum</span> <span class='ocrx_word' id='word_1_89' title='bbox 896 2569 944 2642; x_wconf 87' lang='lat' dir='ltr'>sit</span> <span class='ocrx_word' id='word_1_90' title='bbox 970 2567 1069 2665; x_wconf 87' lang='lat' dir='ltr'>apud</span> <span class='ocrx_word' id='word_1_91' title='bbox 1098 2566 1211 2642; x_wconf 87' lang='lat' dir='ltr'>Indos</span> 
     </span>
    </p>
   </div>
   <div class='ocr_carea' id='block_1_8' title="bbox 168 2681 1214 3230">
    <p class='ocr_par' dir='ltr' id='par_1_13' title="bbox 168 2681 1214 3230">
     <span class='ocr_line' id='line_1_19' title="bbox 170 2681 1213 2779; baseline -0.002 -24"><span class='ocrx_word' id='word_1_92' title='bbox 170 2682 386 2771; x_wconf 79' lang='lat' dir='ltr'>orientales,</span> <span class='ocrx_word' id='word_1_93' title='bbox 407 2682 565 2755; x_wconf 84' lang='lat' dir='ltr'>alterum</span> <span class='ocrx_word' id='word_1_94' title='bbox 582 2683 681 2779; x_wconf 86' lang='lat' dir='ltr'>apud</span> <span class='ocrx_word' id='word_1_95' title='bbox 698 2681 969 2771; x_wconf 82' lang='lat' dir='ltr'>occidentales,</span> <span class='ocrx_word' id='word_1_96' title='bbox 982 2683 1058 2755; x_wconf 86' lang='lat' dir='ltr'>sive</span> <span class='ocrx_word' id='word_1_97' title='bbox 1075 2705 1114 2755; x_wconf 88' lang='lat' dir='ltr'>se</span> <span class='ocrx_word' id='word_1_98' title='bbox 1131 2704 1213 2754; x_wconf 89' lang='lat' dir='ltr'>mu·</span> 
     </span>
     <span class='ocr_line' id='line_1_20' title="bbox 168 2795 1214 2892; baseline 0 -23"><span class='ocrx_word' id='word_1_99' title='bbox 168 2807 234 2870; x_wconf 92' lang='lat' dir='ltr'>tuo</span> <span class='ocrx_word' id='word_1_100' title='bbox 252 2796 483 2891; x_wconf 84' lang='lat' dir='ltr'>contingant.</span> <span class='ocrx_word' id='word_1_101' title='bbox 536 2796 722 2869; x_wconf 86' lang='lat' dir='ltr'>Dividitur</span> <span class='ocrx_word' id='word_1_102' title='bbox 747 2819 836 2891; x_wconf 87' lang='lat' dir='ltr'>ergo</span> <span class='ocrx_word' id='word_1_103' title='bbox 864 2820 1045 2869; x_wconf 83' lang='lat' dir='ltr'>unacum</span> <span class='ocrx_word' id='word_1_104' title='bbox 1069 2795 1214 2892; x_wconf 72' lang='lat' dir='ltr'>sphaero</span> 
     </span>
     <span class='ocr_line' id='line_1_21' title="bbox 171 2908 1214 3003; baseline -0.001 -22"><span class='ocrx_word' id='word_1_105' title='bbox 171 2909 282 2981; x_wconf 84' lang='lat' dir='ltr'>etiam</span> <span class='ocrx_word' id='word_1_106' title='bbox 308 2909 489 2982; x_wconf 82' lang='lat' dir='ltr'>maximus</span> <span class='ocrx_word' id='word_1_107' title='bbox 515 2911 593 3003; x_wconf 86' lang='lat' dir='ltr'>ejus</span> <span class='ocrx_word' id='word_1_108' title='bbox 618 2909 788 2997; x_wconf 78' lang='lat' dir='ltr'>circuluS,</span> <span class='ocrx_word' id='word_1_109' title='bbox 806 2908 846 2981; x_wconf 95' lang='lat' dir='ltr'>id</span> <span class='ocrx_word' id='word_1_110' title='bbox 870 2921 938 2997; x_wconf 85' lang='lat' dir='ltr'>est,</span> <span class='ocrx_word' id='word_1_111' title='bbox 955 2908 1131 2983; x_wconf 90' lang='lat' dir='ltr'>dividitur</span> <span class='ocrx_word' id='word_1_112' title='bbox 1156 2930 1214 2981; x_wconf 87' lang='lat' dir='ltr'>se·</span> 
     </span>
     <span class='ocr_line' id='line_1_22' title="bbox 171 3020 1214 3118; baseline 0 -25"><span class='ocrx_word' id='word_1_113' title='bbox 171 3021 334 3094; x_wconf 87' lang='lat' dir='ltr'>cundum</span> <span class='ocrx_word' id='word_1_114' title='bbox 351 3022 653 3117; x_wconf 85' lang='lat' dir='ltr'>profunditatem.</span> <span class='ocrx_word' id='word_1_115' title='bbox 707 3020 894 3096; x_wconf 82' lang='lat' dir='ltr'>Profunda</span> <span class='ocrx_word' id='word_1_116' title='bbox 910 3045 998 3118; x_wconf 85' lang='lat' dir='ltr'>ergo</span> <span class='ocrx_word' id='word_1_117' title='bbox 1017 3033 1074 3096; x_wconf 85' lang='lat' dir='ltr'>est</span> <span class='ocrx_word' id='word_1_118' title='bbox 1091 3044 1214 3118; x_wconf 87' lang='lat' dir='ltr'>super·</span> 
     </span>
     <span class='ocr_line' id='line_1_23' title="bbox 171 3134 834 3230; baseline 0.002 -25"><span class='ocrx_word' id='word_1_119' title='bbox 171 3134 272 3206; x_wconf 83' lang='lat' dir='ltr'>ficies</span> <span class='ocrx_word' id='word_1_120' title='bbox 291 3158 373 3229; x_wconf 89' lang='lat' dir='ltr'>quae</span> <span class='ocrx_word' id='word_1_121' title='bbox 386 3134 483 3208; x_wconf 83' lang='lat' dir='ltr'>basis</span> <span class='ocrx_word' id='word_1_122' title='bbox 501 3147 557 3208; x_wconf 87' lang='lat' dir='ltr'>est</span> <span class='ocrx_word' id='word_1_123' title='bbox 574 3134 834 3230; x_wconf 86' lang='lat' dir='ltr'>hemisphaerii.</span> 
     </span>
    </p>
   </div>
   <div class='ocr_carea' id='block_1_9' title="bbox 404 3570 986 3795">
    <p class='ocr_par' dir='ltr' id='par_1_14' title="bbox 404 3570 986 3795">
     <span class='ocr_line' id='line_1_24' title="bbox 599 3570 787 3644; baseline 0 0"><span class='ocrx_word' id='word_1_124' title='bbox 599 3570 704 3644; x_wconf 86' lang='lat' dir='ltr'><strong>CAP.</strong></span> <span class='ocrx_word' id='word_1_125' title='bbox 722 3571 787 3644; x_wconf 88' lang='lat' dir='ltr'>VI.</span> 
     </span>
     <span class='ocr_line' id='line_1_25' title="bbox 404 3742 986 3795; baseline 0.003 -3"><span class='ocrx_word' id='word_1_126' title='bbox 404 3742 460 3792; x_wconf 82' lang='lat' dir='ltr'>nu</span> <span class='ocrx_word' id='word_1_127' title='bbox 480 3742 747 3795; x_wconf 76' lang='lat' dir='ltr'>supumucml</span> <span class='ocrx_word' id='word_1_128' title='bbox 767 3743 986 3795; x_wconf 76' lang='lat' dir='ltr'>uuumms.</span> 
     </span>
    </p>
   </div>
   <div class='ocr_carea' id='block_1_10' title="bbox 175 3871 1220 4199">
    <p class='ocr_par' dir='ltr' id='par_1_15' title="bbox 175 3871 1220 4199">
     <span class='ocr_line' id='line_1_26' title="bbox 177 3871 1218 3969; baseline 0.004 -25"><span class='ocrx_word' id='word_1_129' title='bbox 177 3871 406 3944; x_wconf 77' lang='lat' dir='ltr'>Dummmm</span> <span class='ocrx_word' id='word_1_130' title='bbox 436 3879 551 3959; x_wconf 84' lang='lat' dir='ltr'><strong>sexta,</strong></span> <span class='ocrx_word' id='word_1_131' title='bbox 569 3872 785 3969; x_wconf 62' lang='lat' dir='ltr'>superficiei</span> <span class='ocrx_word' id='word_1_132' title='bbox 814 3872 964 3945; x_wconf 79' lang='lat' dir='ltr'>termini</span> <span class='ocrx_word' id='word_1_133' title='bbox 989 3883 1075 3946; x_wconf 71' lang='lat' dir='ltr'>sunt</span> <span class='ocrx_word' id='word_1_134' title='bbox 1102 3873 1218 3963; x_wconf 81' lang='lat' dir='ltr'>lineae,</span> 
     </span>
     <span class='ocr_line' id='line_1_27' title="bbox 175 3984 1218 4083; baseline 0.004 -26"><span class='ocrx_word' id='word_1_135' title='bbox 175 3985 320 4082; x_wconf 85' lang='lat' dir='ltr'>probat,</span> <span class='ocrx_word' id='word_1_136' title='bbox 336 3984 451 4057; x_wconf 84' lang='lat' dir='ltr'>divisa</span> <span class='ocrx_word' id='word_1_137' title='bbox 468 3985 673 4081; x_wconf 83' lang='lat' dir='ltr'>superficie,</span> <span class='ocrx_word' id='word_1_138' title='bbox 685 3985 778 4060; x_wconf 86' lang='lat' dir='ltr'>duos</span> <span class='ocrx_word' id='word_1_139' title='bbox 796 3988 874 4083; x_wconf 85' lang='lat' dir='ltr'>ejus</span> <span class='ocrx_word' id='word_1_140' title='bbox 893 3987 1080 4077; x_wconf 84' lang='lat' dir='ltr'>terminos,</span> <span class='ocrx_word' id='word_1_141' title='bbox 1095 3988 1133 4061; x_wconf 93' lang='lat' dir='ltr'>id</span> <span class='ocrx_word' id='word_1_142' title='bbox 1150 4000 1218 4077; x_wconf 82' lang='lat' dir='ltr'>est,</span> 
     </span>
     <span class='ocr_line' id='line_1_28' title="bbox 177 4098 1220 4199; baseline 0.006 -29"><span class='ocrx_word' id='word_1_143' title='bbox 177 4099 268 4171; x_wconf 86' lang='lat' dir='ltr'>duas</span> <span class='ocrx_word' id='word_1_144' title='bbox 285 4098 400 4171; x_wconf 84' lang='lat' dir='ltr'>lineas</span> <span class='ocrx_word' id='word_1_145' title='bbox 419 4121 496 4171; x_wconf 87' lang='lat' dir='ltr'>esse</span> <span class='ocrx_word' id='word_1_146' title='bbox 514 4108 697 4173; x_wconf 83' lang='lat' dir='ltr'>extremas</span> <span class='ocrx_word' id='word_1_147' title='bbox 713 4100 904 4197; x_wconf 88' lang='lat' dir='ltr'>utriusque</span> <span class='ocrx_word' id='word_1_148' title='bbox 922 4101 1059 4196; x_wconf 84' lang='lat' dir='ltr'>partis:</span> <span class='ocrx_word' id='word_1_149' title='bbox 1086 4112 1135 4194; x_wconf 88' lang='lat' dir='ltr'>et,</span> <span class='ocrx_word' id='word_1_150' title='bbox 1152 4125 1220 4199; x_wconf 88' lang='lat' dir='ltr'>per</span> 
     </span>
    </p>
   </div>
   <div class='ocr_carea' id='block_1_11' title="bbox 178 4211 1218 4421">
    <p class='ocr_par' dir='ltr' id='par_1_16' title="bbox 178 4211 1218 4421">
     <span class='ocr_line' id='line_1_29' title="bbox 178 4211 1218 4311; baseline 0.006 -25"><span class='ocrx_word' id='word_1_151' title='bbox 178 4235 414 4308; x_wconf 68' lang='lat' dir='ltr'>conseqmm,</span> <span class='ocrx_word' id='word_1_152' title='bbox 442 4211 573 4285; x_wconf 83' lang='lat' dir='ltr'>lineam</span> <span class='ocrx_word' id='word_1_153' title='bbox 602 4213 716 4287; x_wconf 83' lang='lat' dir='ltr'>dividi</span> <span class='ocrx_word' id='word_1_154' title='bbox 744 4238 852 4311; x_wconf 84' lang='lat' dir='ltr'>posse</span> <span class='ocrx_word' id='word_1_155' title='bbox 877 4214 1046 4290; x_wconf 80' lang='lat' dir='ltr'>bifariam</span> <span class='ocrx_word' id='word_1_156' title='bbox 1072 4216 1119 4290; x_wconf 85' lang='lat' dir='ltr'>ab</span> <span class='ocrx_word' id='word_1_157' title='bbox 1143 4240 1218 4291; x_wconf 88' lang='lat' dir='ltr'>uno</span> 
     </span>
     <span class='ocr_line' id='line_1_30' title="bbox 179 4323 691 4421; baseline 0.006 -24"><span class='ocrx_word' id='word_1_158' title='bbox 179 4326 257 4421; x_wconf 85' lang='lat' dir='ltr'>ejus</span> <span class='ocrx_word' id='word_1_159' title='bbox 275 4337 439 4399; x_wconf 86' lang='lat' dir='ltr'>extremo</span> <span class='ocrx_word' id='word_1_160' title='bbox 458 4323 691 4401; x_wconf 82' lang='lat' dir='ltr'>adulterum.</span> 
     </span>
    </p>
   </div>
   <div class='ocr_carea' id='block_1_12' title="bbox 0 0 1483 5010">
    <p class='ocr_par' dir='ltr' id='par_1_17' title="bbox 0 0 1483 5010">
     <span class='ocr_line' id='line_1_31' title="bbox 0 0 1483 5010; baseline 0 0"><span class='ocrx_word' id='word_1_161' title='bbox 0 0 1483 5010; x_wconf 95' lang='lat' dir='ltr'> </span> 
     </span>
    </p>
   </div>
  </div>
 </body>
</html>
