2946 5010
284 424 357 493 246
603 435 656 487 nu
677 434 847 490 nerunt
866 435 1005 487 Annrs.

285 609 394 682 laeves
410 627 486 678 non
502 613 670 699 possunt.
736 602 891 693 Deinde,
909 603 963 676 vis
980 600 1055 691 illa,
1073 625 1155 698 qnae
1180 601 1227 674 ad
1245 623 1330 674 suc-

286 737 404 797 torem
429 715 679 791 revellendum
711 716 918 805 adhibetur,
950 717 1146 789 cavitatem
1173 713 1334 811 cylindri

287 830 553 929 aliquantulum
574 828 760 903 distendit.
812 830 1012 918 Postremo,
1042 829 1073 902 si
1100 828 1139 901 in
1167 828 1330 902 confinio

290 944 445 1019 duarum
479 943 662 1015 dictarum
693 943 965 1038 superficierum
997 941 1227 1038 ingrediatur
1255 964 1333 1013 una

288 1069 434 1132 tautum
452 1067 596 1130 atomus
613 1055 716 1144 dura,
734 1079 798 1128 aer
814 1079 928 1151 purus
952 1079 996 1127 ea
1015 1056 1073 1128 via
1090 1054 1333 1151 ingredietur,

291 1182 428 1245 conatu
456 1170 688 1264 quantumvis
716 1169 838 1242 debili.
890 1168 1061 1241 Poteram
1087 1169 1199 1241 etiam
1229 1193 1333 1241 com-

290 1294 438 1381 putasse
456 1305 577 1354 aerem
600 1281 716 1371 illum,
734 1283 798 1379 qui
824 1295 976 1379 propter
1001 1282 1156 1355 eandem
1181 1306 1333 1356 causam

291 1397 511 1471 insinuasset
538 1419 577 1468 se
606 1419 673 1492 per
707 1395 863 1492 cylindri
893 1396 1089 1469 valvulam.
1141 1396 1333 1469 Sublatam

292 1533 380 1606 ergo
394 1509 495 1583 vides
513 1510 813 1605 consequentiam
829 1533 852 1582 a
869 1511 1092 1584 retractione
1110 1510 1267 1583 suctoris
1285 1508 1335 1581 ad

291 1625 414 1698 locum
455 1646 623 1696 vacnum.
693 1623 940 1719 Sequutnrum
975 1625 1046 1696 hoc
1086 1647 1229 1719 quoqne
1263 1635 1336 1708 est,

293 1760 415 1809 aerem
433 1736 548 1824 illum,
566 1736 629 1832 qui
653 1737 765 1810 estin
790 1737 952 1809 locuma
977 1749 1122 1810 suctore
1149 1737 1336 1810 desertum

293 1849 582 1946 impulsusque
604 1873 738 1944 magna
754 1850 791 1922 vi
817 1850 993 1946 impulsus
1011 1862 1076 1940 est,
1099 1862 1203 1923 motu
1227 1849 1336 1922 valde

294 1962 404 2036 celeri
421 1973 459 2036 et
476 1985 543 2057 per
560 1962 755 2035 circuitum
780 1962 878 2034 iuter
900 1985 1084 2035 summum
1103 1976 1141 2035 et
1157 1962 1272 2034 imum
1296 1962 1337 2035 in

295 2075 461 2174 cylindro
475 2076 613 2148 moveri
626 2107 635 2160 ;
654 2100 735 2149 cum
753 2076 917 2148 nondum
931 2078 978 2150 sit
991 2076 1089 2174 quod
1101 2087 1243 2150 motum
1254 2077 1337 2172 ejus

295 2188 412 2286 possit
428 2182 631 2261 debilitare.
683 2189 763 2262 Scis
786 2202 909 2262 antem
930 2191 1022 2263 nihil
1049 2188 1243 2285 essequod
1266 2189 1338 2262 sibi

296 2311 439 2375 motum
457 2311 522 2372 aut
538 2300 716 2396 impertiri
733 2302 862 2396 possit,
880 2314 943 2374 aut
961 2301 1175 2375 diminuere.

345 2416 395 2487 B.
422 2414 511 2485 Esto
527 2412 631 2484 locus
649 2412 709 2485 ille
734 2413 882 2486 relictus
907 2414 1048 2509 plenuS,
1067 2427 1109 2488 ut
1129 2414 1233 2503 dicis,
1251 2436 1339 2488 aere

296 2550 399 2623 puro,
429 2525 467 2597 id
502 2536 570 2612 est,
606 2548 674 2619 ego
706 2525 940 2621 interpretor,
976 2552 1131 2623 corpore
1165 2528 1338 2600 aethereo.

300 2638 400 2712 Quid
422 2640 511 2732 jam,
530 2636 561 2708 si
577 2661 681 2709 versa
699 2637 876 2711 clavicula
900 2642 1075 2713 transitus
1093 2640 1200 2713 detur
1217 2641 1294 2712 aeri
1319 2665 1340 2713 e

299 2750 500 2845 recipiente
542 2749 581 2821 in
624 2751 828 2845 subjectum
872 2753 1089 2848 cylindrum,
1121 2769 1341 2827 eventurum

300 2862 433 2958 putas?

352 2976 387 3047 Α
393 3031 401 3046 .
429 2974 647 3047 Permistum
660 2976 705 3047 iri
719 2990 808 3072 puto
826 3003 947 3051 aerem
960 2991 1170 3077 utrumque,
1185 2993 1222 3054 et
1237 2994 1343 3055 motu

302 3088 430 3160 eodem
448 3088 673 3161 circumferri
691 3090 728 3161 in
747 3104 903 3187 utroque
924 3117 1020 3181 vase,
1048 3096 1156 3167 celeri
1180 3095 1343 3190 quidem,

302 3202 366 3274 sed
393 3214 497 3274 tanto
533 3206 787 3297 temperatiore
816 3230 925 3300 quam
952 3221 1050 3297 ante,
1082 3224 1219 3304 quanto
1243 3209 1344 3282 idern

302 3326 423 3387 motus
440 3315 570 3410 majori
588 3319 783 3410 quantitati
801 3318 894 3390 aeris
912 3323 1215 3395 communicatur.

355 3427 403 3499 B.
431 3428 712 3500 Observavimus
733 3445 868 3520 autem,
895 3456 1000 3504 versa
1027 3436 1215 3523 clavicula,
1244 3439 1346 3509 soni-

304 3549 381 3610 tum
416 3540 496 3611 fieri
530 3543 634 3636 quasi
669 3543 761 3614 aeris
789 3569 810 3615 e
840 3546 1040 3641 recipiente
1068 3549 1106 3620 in
1137 3550 1345 3644 cylindrum

304 3652 549 3749 irrumpentis

354 3764 401 3836 A.
431 3766 568 3837 Mirum
586 3769 658 3840 boc
675 3792 749 3841 nou
769 3781 834 3857 est,
848 3784 998 3867 propter
1013 3775 1106 3847 aeris
1120 3776 1157 3848 in
1176 3776 1347 3869 cylindro

305 3903 388 3950 cum
418 3904 501 3951 aere
530 3882 737 3976 recipientis
767 3884 1004 3960 collisionem.
1058 3890 1131 3961 Sed
1160 3892 1348 3985 quomodo

303 3992 384 4064 baec
403 3995 592 4089 explicatis
611 3996 702 4068 vos?

356 4105 404 4177 B.
432 4107 578 4202 Duplici
597 4110 718 4182 modo.
771 4111 892 4185 Primo
911 4126 948 4187 et
970 4116 1114 4210 potiori,
1134 4117 1196 4189 sic.
1251 4119 1350 4215 Sup-

304 4218 472 4309 ponimus
491 4222 578 4308 aeri,
593 4221 631 4292 in
651 4246 722 4315 qno
740 4225 907 4314 vivimus,
922 4229 1040 4300 inesse
1054 4229 1126 4301 vim
1146 4230 1349 4322 elasticam,

304 4328 423 4418 idest,
438 4356 557 4404 aerem
575 4336 740 4428 partibus
758 4349 927 4412 constare
939 4341 999 4415 rel
1014 4344 1143 4416 saltem
1157 4344 1349 4420 abundare
