2946 5010
292 393 361 460 lto
500 406 771 463 sxamrnarro
792 409 844 462 rr
861 406 1112 461 nuaunamo

97 592 249 637 arenosos
285 576 409 674 legere
426 600 509 651 eam
525 577 664 674 poteris
680 577 719 650 in
735 579 809 651 fine
822 576 923 650 Libri
934 574 1055 672 quinti
1066 572 1329 648 Bartholomaei

99 674 244 780 ..IL
287 689 424 779 Pitieci,
443 690 490 764 de
507 690 728 788 Triangulis.

337 802 386 876 B.
414 805 565 901 Legem.

334 913 382 990 A.
410 916 484 990 Sed
502 916 607 989 deest
624 918 737 989 etiam
757 914 806 988 ad
830 937 924 1012 opum
947 911 1217 987 arithmeticum
1237 911 1328 1007 inte·

282 1029 611 1127 grum,meth0dus
623 1028 834 1102 inveniendi
844 1028 1007 1101 radicem
1018 1027 1195 1122 cujusque
1205 1037 1330 1121 potes-

285 1141 373 1215 tatis
386 1141 506 1215 datae:
530 1143 619 1216 item
634 1166 693 1216 ars
707 1142 901 1238 analytica,
920 1140 991 1214 nisi
1008 1140 1071 1213 illa
1086 1138 1330 1213 arithmeticae

284 1277 381 1351 pars,
410 1255 784 1353 velregulaoliqua‚
812 1254 974 1328 nonsit.
1027 1253 1121 1327 Quae
1151 1276 1200 1326 aa
1229 1263 1330 1326 recte

284 1369 534 1465 praetermisit,
549 1370 637 1442 item
656 1393 704 1442 an
722 1393 862 1466 eaquae
876 1367 1030 1441 tradidit
1045 1376 1146 1440 recte
1164 1364 1329 1453 tradidit,

271 1496 389 1557 tuum
407 1493 462 1555 est
479 1483 723 1556 considerare.

336 1594 385 1669 B.
412 1595 544 1669 Restat
559 1596 679 1670 adhuc
692 1594 964 1692 percurrendos
977 1603 1156 1667 tractatas
1170 1591 1329 1665 Elench-

283 1707 379 1782 tiens
397 1718 527 1782 contra
550 1708 816 1804 Meybominm‚
835 1706 883 1780 de
905 1703 1230 1805 Propertioaiboa,
1254 1727 1329 1776 una

285 1843 370 1895 cum
388 1821 632 1895 dedicatione.
683 1820 877 1893 Dedicatio
902 1820 1057 1917 paginas
1086 1818 1199 1892 habet
1222 1817 1329 1914 quin-

286 1933 484 2030 quaginta;
511 1957 604 2029 opus
622 1931 845 2020 dedicatum,
865 1932 1059 2029 sexaginta
1075 1930 1178 2004 duas.

337 2045 384 2120 A.
412 2046 509 2119 Scio.
562 2045 635 2119 Sed
651 2069 727 2119 non
746 2055 801 2118 est
821 2045 977 2118 illatam
995 2042 1192 2131 dedicatio,
1219 2067 1330 2139 qnam

284 2156 487 2233 laborantis
503 2159 646 2253 lapsum
664 2180 770 2230 suum
789 2157 828 2230 in
848 2158 986 2232 conicis
1010 2157 1196 2252 corrigere
1219 2157 1328 2230 mise-

285 2269 410 2344 rabilis
427 2271 533 2344 labor
550 2285 588 2344 et
604 2271 837 2368 perplexitas.

337 2382 385 2456 B.
414 2385 631 2480 Scripserat‚
655 2383 752 2459 Sect.
775 2383 863 2457 Con.
881 2407 986 2481 prop.
1007 2387 1079 2467 47:
1130 2381 1179 2456 Ia
1202 2408 1328 2482 para-

286 2495 433 2570 boloide
451 2496 608 2570 cubiculi
621 2497 826 2571 diametros
842 2522 925 2570 esee
940 2496 1015 2570 sibi
1032 2496 1184 2570 invicem
1194 2495 1329 2593 parab

286 2608 408 2682 lelna:
434 2610 534 2706 quod
552 2611 791 2685 Robervallus
817 2612 870 2685 illi
887 2611 1019 2685 falsum
1043 2634 1121 2684 esse
1138 2610 1327 2683 indicavit.

286 2723 384 2819 Lege
401 2748 503 2819 ergo,
520 2736 563 2796 ut
586 2725 743 2798 sciamus
771 2724 915 2821 siquid
943 2725 1072 2797 afferat
1102 2747 1201 2796 nunc
1229 2723 1329 2820 quod

285 2837 333 2910 sit
349 2839 497 2909 rectius.

334 2947 381 3023 A.
408 2951 494 3023 Non
528 2962 585 3023 est
620 2951 713 3023 tanti
744 2962 824 3025 tota
857 2950 1082 3047 geometria3
1116 2961 1203 3022 sunt
1231 2952 1327 3024 enim

284 3065 429 3158 paginae
442 3076 635 3160 sequentes
649 3063 854 3154 duodecim,
871 3065 1002 3160 quibus
1016 3064 1194 3158 quaeritur
1204 3088 1327 3160 aequa-

284 3175 406 3267 tionis,
418 3178 543 3251 nescio
561 3180 678 3273 cujus,
693 3178 797 3251 radix
810 3204 848 3275 q,
867 3178 960 3251 adeo
978 3178 1163 3273 stigmosae
1181 3178 1327 3273 symbo-

283 3288 400 3386 lisque
417 3292 638 3381 scribillatae,
652 3303 695 3364 ut
709 3291 810 3364 nulla
827 3292 988 3365 humana
1000 3290 1179 3386 patientia
1193 3292 1329 3364 exami-

283 3403 365 3475 nari
399 3404 554 3499 possint.
611 3404 697 3478 Illas
731 3405 846 3501 igitur
880 3404 1095 3478 abominans
1125 3414 1327 3500 praetorem

284 3518 487 3610 praesertim
508 3542 593 3591 cum
619 3518 838 3593 diametrum
866 3515 1111 3616 paraboloidis
1135 3519 1255 3592 cubici
1281 3544 1328 3592 ne

284 3629 337 3703 sic
355 3629 505 3726 quidem
522 3631 709 3704 inventam
728 3656 805 3705 esse
823 3632 933 3705 dicat.
984 3630 1058 3704 Sed
1088 3633 1247 3727 aequatio
1265 3633 1328 3706 illa

284 3745 388 3839 cujus
411 3744 518 3817 radix
541 3754 596 3817 est
614 3770 647 3840 q,
668 3744 707 3840 (q
723 3755 847 3818 antem
872 3744 960 3840 quid
981 3745 1028 3817 sit
1050 3746 1205 3839 nescio),
1225 3746 1327 3819 illum

283 3869 505 3942 vexaverat3
543 3858 669 3954 itaque
699 3858 810 3931 homo
837 3856 1011 3930 vindictae
1045 3882 1172 3931 amans
1200 3858 1327 3932 ulcisci

283 3981 402 4064 parat.
445 3969 601 4068 Nempe,
619 3971 752 4065 inquit,
770 3969 938 4043 vexando
955 3969 1075 4042 adhoc
1094 3980 1152 4043 eat
1167 3970 1325 4068 aequatio

283 4079 351 4153 itta
365 4107 443 4177 qrtae
460 4107 527 4155 noa
544 4082 692 4157 vexavit
709 4083 895 4171 hactenus,
907 4092 948 4154 ut
966 4083 1113 4156 tandem
1126 4083 1219 4180 quid
1231 4082 1325 4155 certi

275 4195 434 4290 prosim.
498 4196 798 4293 Assimnlansque
829 4197 962 4270 Proteo
993 4198 1249 4293 aquationem,
1281 4219 1326 4267 ea

283 4308 474 4381 occasione
496 4333 594 4395 usus,
622 4334 748 4383 versus
775 4335 820 4384 ex
849 4310 1003 4384 Homeri
1036 4309 1204 4406 Odyssea
1225 4308 1324 4404 plus-
