2946 5010
353 444 669 499 mnrnnunmcn
690 445 933 500 numanum.
1115 424 1164 504 27

123 611 278 710 produci
309 613 444 708 potuit.
508 612 611 688 Quot
639 624 725 687 sunt
751 636 840 710 ergo
865 634 989 685 rerum
1012 609 1164 708 speeies,
1201 633 1352 676 unrocus

123 737 182 800 tot
215 735 302 799 sunt
327 725 568 822 philosophiae
599 727 712 801 totius
740 738 865 824 partes
895 725 971 800 sive
1000 723 1166 800 scientia
1205 714 1349 820 ...L

122 839 376 938 particulares,

173 953 222 1027 B.
249 951 323 1027 Sed
340 975 414 1049 qua
431 951 605 1026 methodo
620 951 888 1049 distinguendae
904 951 1018 1026 sunt?

175 1065 225 1159 Α.
251 1063 391 1137 liadem
416 1087 490 1160 qua
516 1063 795 1161 distinguuntur
818 1065 900 1161 ipsa
923 1064 1167 1161 phaenomena

123 1178 201 1251 sive
221 1176 427 1251 accidentia
449 1200 533 1272 quae
546 1188 736 1274 apparent,
757 1177 943 1267 nimirum,
956 1176 1166 1274 incipiendo

122 1315 147 1364 a
162 1291 322 1364 maxime
339 1290 606 1364 communibus.

174 1405 225 1479 B.
253 1404 348 1479 Quae
365 1413 452 1477 sunt
468 1401 558 1476 illa?

176 1517 226 1591 A.
252 1515 479 1614 Magnitudo
510 1525 548 1589 et
576 1524 705 1589 morus.
756 1516 806 1589 Et
829 1515 1004 1612 qnoniam
1025 1515 1105 1589 haee
1128 1514 1167 1588 in

124 1630 225 1704 omni
238 1653 434 1726 corporum
446 1629 592 1703 actione
605 1630 777 1702 effectum
792 1630 928 1726 partim
944 1630 1167 1727 producunt,

123 1755 168 1817 ut
192 1757 328 1830 motus,
356 1740 491 1838 partim
514 1750 652 1836 augent
669 1741 727 1814 vel
750 1741 932 1831 minuunt,
958 1753 1002 1815 ut
1024 1741 1168 1837 magni-

123 1853 227 1944 tudo,
255 1865 367 1950 prout
393 1855 510 1951 major
536 1864 593 1927 est
615 1854 672 1927 vel
690 1855 821 1940 minor,
847 1854 1012 1945 scientia,
1038 1856 1169 1951 inqua

125 1967 418 2041 determinantur
446 1967 717 2064 magnitudines
752 1978 832 2038 tum
861 1990 1057 2063 corporum
1088 1978 1167 2040 tum

124 2091 305 2169 motuum,
323 2081 442 2177 primo
459 2080 541 2154 loco
558 2078 729 2175 ponenda
745 2088 823 2152 est:
849 2102 937 2152 nam
953 2081 1071 2175 primo
1084 2080 1167 2153 loco

125 2193 301 2268 discenda
317 2206 385 2285 est,
412 2195 548 2291 qnippe
568 2193 667 2290 quod
685 2193 764 2266 sine
786 2192 849 2267 illa
866 2202 1010 2268 oaeterae
1026 2194 1168 2291 acquiri

126 2329 200 2379 non
217 2315 383 2402 possunt.

174 2420 224 2493 B.
252 2419 416 2493 Scientia
431 2419 510 2492 haec
528 2418 712 2515 quomodo
730 2417 960 2516 appellaturi

177 2532 226 2606 Α.
258 2532 482 2606 Geometria.

173 2643 224 2719 B.
251 2645 373 2718 Defini
391 2645 643 2742 geometriam.

177 2757 226 2831 A.
257 2757 469 2831 Geonwtria
488 2765 547 2830 est
567 2757 722 2832 scientia
743 2757 1013 2833 determinandi
1027 2758 1167 2857 magni·

127 2870 284 2944 lactineo.

176 2984 227 3057 B.
254 2981 422 3056 Breviter
440 2983 588 3079 quidem
606 2982 706 3072 satis,
729 2982 795 3056 sed
814 3007 945 3081 parum
963 2984 1167 3081 perspicue.

128 3096 214 3171 Non
240 3097 339 3170 enim
364 3095 530 3193 intelligo
548 3094 638 3191 quid
664 3097 712 3169 sit
733 3096 1021 3195 magnitudinem
1046 3099 1169 3172 deter-

127 3210 280 3283 minare.

179 3323 230 3396 A.
255 3320 554 3418 Magnitudinem
581 3320 837 3426 determinare,
865 3321 963 3396 idem
990 3335 1047 3395 est
1069 3323 1168 3420 quod

129 3435 324 3510 ostendere
341 3444 478 3531 quanta
495 3433 555 3507 sit.

176 3551 225 3626 B.
252 3550 449 3627 Quomodo
476 3560 599 3624 autem
624 3551 830 3625 ostenditur
852 3552 910 3626 vel
935 3549 1170 3649 cognoscitur

127 3664 344 3763 magnitudo
362 3663 540 3759 exposita,
559 3676 696 3760 quanta
712 3664 788 3738 sit?

178 3779 228 3853 A.
255 3776 513 3874 Comparando
528 3800 608 3849 eam
620 3800 703 3849 cum
714 3777 969 3874 magnitudine
982 3775 1055 3848 alia
1067 3798 1169 3847 men-

127 3903 263 3980 surata,
291 3890 350 3963 vel
377 3912 460 3986 quae
486 3888 620 3963 habeat
646 3889 694 3962 ad
717 3902 966 3963 mensuratam
988 3888 1170 3961 rationem

128 4004 328 4101 cognitam.
382 4002 512 4097 Itaque
541 4001 745 4097 geometria
779 4000 923 4074 definiri
949 4012 1071 4096 potest
1094 4001 1168 4074 sic:

125 4115 336 4217 geometria
347 4122 404 4187 eet
417 4112 589 4202 scientia,
597 4139 788 4212 perquam
799 4112 1050 4211 cognoscimus
1063 4138 1169 4212 mag-

127 4228 333 4303 nitudinum
351 4225 449 4299 inter
460 4248 501 4297 ee
511 4224 689 4298 rationes.
742 4225 815 4299 Sed
828 4225 1001 4321 quoniam
1015 4249 1069 4299 eae
1082 4250 1168 4322 cog-

127 4342 228 4417 nosci
245 4364 324 4416 non
341 4347 507 4436 possunt,
521 4337 589 4412 nisi
604 4339 770 4435 exposita
783 4339 831 4412 sit
845 4338 1030 4434 quantitas
1047 4338 1170 4434 aliqua
