2946 5010
303 402 377 471 ³26
577 413 1068 469 rnonnnuarararsrcri.

124 610 193 653 cm.
207 612 253 655 m.
303 581 520 657 suctionem.
571 582 647 657 Cur
662 606 751 680 ergo
768 606 845 657 non
861 582 1082 657 ascendebat
1106 605 1202 679 aqna
1224 579 1273 654 ad
1299 602 1345 653 ca

119 680 264 789 ἷζζ
302 694 489 792 implenda
504 694 640 793 absque
656 696 850 771 suctione?
898 698 934 771 Is
957 697 1021 793 qui
1049 695 1149 793 sugit
1170 693 1343 792 phialam,

301 831 421 905 nequo
446 808 486 882 in
511 820 679 884 ventrem
702 810 910 908 quicquam,
935 832 1055 907 neque
1077 810 1117 882 in
1140 809 1344 905 pulmones,

302 945 422 1019 nequo
454 921 494 995 in
521 945 562 996 os
592 947 613 997 c
642 923 766 1021 phiala
798 924 936 1019 exugit.
989 922 1090 1000 auid
1118 945 1207 1018 ergo
1240 918 1342 1017 agit?

301 1033 437 1109 Aerem
453 1035 662 1127 commovit,
680 1036 771 1111 etin
788 1037 953 1135 partibus
975 1038 1055 1134 ejus
1081 1047 1255 1111 conatum
1283 1057 1344 1107 su-

302 1147 424 1245 gendo
450 1149 563 1223 efficit
582 1172 650 1246 per
672 1173 714 1224 os
735 1150 905 1239 exeundi,
931 1163 970 1226 ct
992 1174 1068 1225 non
1095 1147 1340 1237 admittendo,

303 1270 478 1335 conatum
511 1260 701 1337 redeundi.
752 1263 812 1338 Ab
842 1263 900 1338 his
929 1263 1122 1338 conatibus
1150 1261 1344 1337 contrariis

304 1373 537 1471 componitur
565 1374 773 1451 circumitio
805 1376 906 1451 intra
929 1375 1103 1473 phialam,
1126 1385 1164 1450 ct
1190 1384 1344 1449 conatus

305 1484 463 1561 exeundi
480 1509 782 1584 quaquaversum.
833 1489 964 1586 Itaque
985 1488 1119 1587 phialae
1146 1511 1210 1563 oro
1239 1510 1346 1583 aquae

305 1598 491 1690 imenso,
508 1622 573 1673 aer
588 1600 628 1673 in
640 1600 843 1697 subjectam
860 1626 993 1700 aquam
1005 1612 1175 1699 penetrat
1188 1625 1208 1674 e
1221 1599 1346 1699 phiala

305 1711 509 1811 egrediens,
527 1722 566 1785 et
580 1712 798 1787 tantundem
815 1738 919 1813 aquae
935 1715 975 1789 in
990 1715 1152 1811 phialam
1169 1712 1281 1810 cogit.

356 1823 407 1899 Α.
432 1824 616 1899 Praeterea
641 1826 696 1899 ris
722 1826 785 1901 illa
810 1852 946 1925 magna
973 1828 1151 1903 auctionis
1177 1826 1279 1917 facit,
1301 1835 1345 1900 ut

307 1937 472 2035 sugentis
487 1936 592 2013 labra
614 1961 699 2012 oum
722 1939 816 2014 collo
838 1940 971 2038 phialae
992 1939 1189 2037 aliquando
1214 1938 1344 2013 arctis-

309 2049 400 2125 sime
409 2050 617 2127 cobaercant
626 2062 778 2150 propter
787 2064 1000 2129 contactum
1010 2052 1344 2151 exquisitissimum.

734 2713 837 2788 CAP.
864 2714 928 2787 IV.

454 2922 735 2975 PROBLEMATA
754 2924 808 2974 DE
830 2923 989 2976 CALORE
1015 2925 1066 2975 ET
1086 2924 1204 2977 Lucu.

362 3074 409 3149 A.
438 3077 537 3152 Qum
556 3101 665 3152 causa
682 3090 740 3153 cst
757 3078 916 3152 caloris?

364 3189 414 3263 B.
442 3190 547 3263 Unde
564 3191 659 3264 nosti
676 3216 724 3266 an
741 3192 790 3265 sit
807 3191 845 3265 in
863 3214 985 3265 rerum
1002 3201 1136 3264 natura
1153 3190 1348 3286 quicquam

315 3304 471 3378 calidum
489 3315 621 3398 praeter
638 3304 825 3400 teipsum?

363 3416 400 3489 Α
428 3416 525 3491 Quia
540 3418 658 3492 sentio
682 3442 741 3491 me
761 3441 785 3491 a
807 3417 1018 3514 corporibus
1036 3415 1252 3512 quibusdam
1269 3416 1349 3489 aliis

313 3530 482 3604 calefieri.

362 3643 411 3717 B.
439 3648 462 3682 “
476 3643 664 3730 Calefacit,
683 3667 771 3739 crgo
789 3643 884 3717 calet
897 3643 939 3715 ’⁹2
967 3652 1115 3716 nonest
1140 3643 1238 3714 bona
1261 3666 1349 3714 con-

311 3756 511 3854 sequentia.
564 3757 637 3831 Sed
655 3780 765 3853 quam
782 3757 895 3830 sentis
921 3757 999 3853 ipsc
1017 3755 1179 3851 corporis
1197 3755 1251 3827 tui
1268 3780 1348 3827 mn-

311 3872 488 3944 tationcm
505 3869 593 3943 dum
607 3868 780 3943 calescis?

361 3983 409 4056 A.
436 3981 552 4055 Video
571 3993 694 4056 cutem
716 3981 807 4055 mihi
832 3992 960 4055 aestate
985 4005 1095 4078 quam
1116 3980 1247 4076 hyeme
1270 4004 1349 4054 esse

313 4097 597 4194 explicatiorcm.
648 4097 697 4169 Et
713 4120 794 4169 sum
818 4094 1037 4191 quandoque
1061 4093 1214 4167 debilior
1240 4093 1349 4167 solito

312 4210 532 4305 praecalore.
559 4211 608 4285 Et
622 4209 741 4285 sentio
752 4209 855 4307 quasi
866 4208 1016 4307 spiritus
1026 4209 1155 4284 vitales
1166 4208 1348 4282 exhalare.

311 4321 432 4397 Etiam
450 4322 555 4397 sudo.
