2946 5010
265 428 337 494 284
591 443 645 494 nn
664 442 835 496 Norunt
854 441 991 494 runis.

314 607 363 682 B.
389 607 615 705 Corpuscula
644 608 737 682 dura
759 609 889 705 prima,
908 608 1056 680 fuerunt
1079 606 1233 679 fortasse
1255 606 1310 679 sic

265 734 413 795 creata:
440 735 551 817 atque
569 722 640 797 alia
658 721 806 818 quidem
832 722 983 816 majora,
1000 721 1072 793 alia
1089 720 1243 807 minore,
1262 720 1310 792 ab

264 833 384 907 initio.

317 946 366 1019 A.
392 947 496 1019 Esto.
547 946 642 1019 Nom
661 945 779 1042 prima
796 945 843 1018 ad
869 946 1025 1041 primam
1043 967 1190 1017 causam
1207 955 1309 1018 recte

265 1057 485 1132 referuntur.
538 1056 612 1131 Sed
636 1058 665 1130 si
689 1056 782 1131 duro
808 1057 1003 1154 exprimis
1029 1055 1129 1128 duris
1150 1056 1231 1129 fieri
1255 1055 1310 1128 di-

266 1183 365 1258 cent,
395 1194 507 1268 quare
536 1194 613 1243 non
641 1181 678 1244 et
705 1171 819 1243 fluida
846 1170 925 1244 fieri
952 1180 1085 1265 putant
1113 1169 1310 1266 exprimis

265 1284 388 1358 fluidis
403 1283 416 1356 i
442 1285 502 1357 An
516 1285 632 1357 creari
645 1283 759 1356 fluida
771 1284 930 1356 maxima
942 1294 1109 1378 potuere,
1123 1293 1164 1355 nt
1181 1282 1309 1370 aether,

266 1397 418 1469 minima
445 1421 519 1469 non
547 1395 724 1493 potuere?
783 1395 859 1470 Qui
889 1395 1146 1491 corpusculum
1177 1394 1310 1468 durum

267 1522 332 1582 out
355 1508 509 1582 fluidum
535 1509 674 1605 primus
704 1508 805 1599 fecit,
823 1508 956 1604 potuit,
974 1508 1004 1580 si
1025 1507 1203 1596 libuisset,
1220 1506 1311 1579 illud

266 1621 395 1695 secisse
413 1633 491 1695 tum
514 1623 642 1718 majus,
661 1632 740 1694 tum
764 1621 884 1694 minus
911 1644 1129 1717 quocunque
1157 1643 1311 1718 corpore

269 1735 369 1808 dato.
423 1733 534 1810 Quod
551 1734 582 1807 si
598 1734 751 1807 fluidum
778 1735 842 1807 fiat
866 1757 911 1807 ex
937 1757 1012 1806 non
1035 1734 1169 1823 fluidis,
1187 1744 1229 1806 ut
1246 1757 1312 1806 vos

271 1847 404 1936 dicitis,
424 1859 461 1919 et
478 1847 609 1921 durum
628 1872 673 1920 ex
691 1846 792 1919 duris
811 1859 956 1921 tantum
972 1872 980 1919 ε
999 1870 1122 1919 nonne
1146 1847 1312 1942 sequitur

268 1985 313 2034 ex
326 1960 449 2033 fluidis
462 1960 600 2057 primis,
611 1983 732 2056 neque
745 1959 898 2032 fluidum
915 1959 1007 2047 fieri,
1022 1983 1140 2056 neque
1158 1957 1310 2033 durum?

317 2071 365 2146 Β.
392 2074 450 2147 Ita
480 2073 635 2146 videtur.
702 2072 882 2147 Quaenom
916 2095 1005 2168 ergo
1033 2071 1115 2144 duri
1144 2082 1182 2144 et
1208 2072 1312 2145 fluidi

268 2198 355 2261 sunt
372 2185 580 2282 principia?

318 2301 368 2372 A.
396 2298 496 2375 Quid
524 2298 624 2372 aliud
651 2298 734 2386 nisi,
755 2296 860 2376 fluidi
889 2295 1050 2392 quidem,
1074 2297 1202 2392 quies:
1230 2296 1313 2371 duri

268 2425 404 2501 autem,
440 2423 560 2484 motus
591 2411 740 2507 quidam
768 2411 816 2484 od
845 2410 948 2483 illum
976 2411 1146 2484 effectum
1175 2411 1313 2507 produ-

269 2526 427 2600 cendum
453 2524 631 2597 idoneus?
685 2523 753 2595 Per
779 2523 939 2618 quietem
967 2522 1133 2618 intelligo
1158 2523 1313 2596 duarum

269 2640 427 2734 partium
454 2638 551 2709 inter
577 2660 615 2708 se
642 2637 814 2731 quietem,
833 2661 915 2709 cum
940 2659 978 2707 se
1005 2648 1130 2708 mutuo
1155 2649 1315 2731 tangunt

270 2751 429 2847 quidem,
449 2750 513 2821 sed
536 2774 610 2820 non
639 2760 821 2844 premunt.
875 2750 971 2820 Nam
989 2762 1026 2821 et
1044 2749 1157 2821 fluida
1175 2750 1313 2821 moveri

269 2877 348 2936 tota
364 2874 530 2958 possunt,
549 2874 692 2934 retento
709 2862 912 2946 fluiditate;
940 2875 977 2934 et
1003 2862 1094 2934 dura
1112 2864 1313 2957 quiescere,

269 2987 311 3048 nt
329 2990 453 3048 tamon
470 2988 594 3070 partes
613 2999 739 3047 eorum
758 2989 985 3048 moveantur.

318 3090 368 3161 B.
396 3090 480 3163 Quo
499 3103 603 3161 motu
622 3101 658 3161 et
676 3090 885 3184 quomodo?

320 3202 367 3275 A.
397 3203 562 3298 Exempli
591 3226 712 3289 causo,
731 3226 795 3274 aer
822 3203 883 3297 qui
905 3202 1047 3275 revulso
1074 3214 1218 3274 suctore
1237 3226 1314 3274 ma·

269 3317 387 3389 chiuae
402 3331 532 3388 vestrae
551 3315 751 3410 impellitur
769 3315 807 3386 in
826 3315 1030 3409 cylindrum
1046 3339 1200 3402 aeneum,
1213 3326 1315 3387 totus

269 3429 415 3524 quidem
443 3453 517 3501 non
546 3439 724 3514 movetur,
753 3426 817 3498 sed
841 3427 878 3498 in
902 3427 1030 3498 eodem
1059 3438 1182 3498 manet
1210 3427 1314 3502 loco:

268 3566 395 3615 verum
422 3541 610 3635 porticulae
641 3542 718 3634 ejus
746 3564 883 3628 omnes
903 3551 945 3611 ut
970 3565 1102 3635 magno
1130 3552 1233 3612 motu
1260 3542 1315 3612 in-

269 3680 403 3751 gressae
420 3668 517 3740 sunt,
536 3654 588 3725 sic
614 3654 725 3726 etiam
755 3677 890 3747 magno
915 3666 1017 3725 motu
1041 3654 1139 3725 intus
1158 3653 1315 3740 cientur,

268 3790 498 3860 unaquaeque
525 3779 654 3838 contra
680 3767 787 3839 aliam
814 3789 880 3863 per
907 3766 1003 3838 latus
1026 3766 1182 3861 cylindri
1202 3791 1316 3861 oppo-

270 3882 379 3953 situm
415 3880 630 3974 ingressam.
682 3880 728 3951 Et
755 3879 909 3975 proinde
942 3894 1063 3952 motus
1098 3880 1242 3951 illarum
1277 3881 1316 3952 in

269 3991 490 4063 brevissimis
518 3992 645 4085 spatiis
663 4003 748 4064 sunt
764 3991 995 4080 velocissimi,
1015 4003 1052 4064 et
1068 4006 1219 4087 propter
1237 4017 1317 4063 mu-

270 4114 370 4175 tuam
395 4104 664 4199 oppositionem
692 4105 901 4177 circulares.
955 4106 1076 4198 Atque
1094 4104 1180 4176 hinc
1198 4106 1317 4176 mani-

270 4216 404 4288 festum
433 4232 488 4289 est
513 4218 767 4290 vehementem
794 4242 871 4290 esse
898 4218 934 4289 in
960 4242 1043 4289 aere
1072 4219 1124 4289 ita
1150 4231 1251 4290 moto
1279 4229 1318 4289 et

271 4331 394 4402 clauso
429 4332 751 4424 compressionem,
788 4345 963 4427 quantam
998 4331 1136 4404 scilicet
1172 4333 1316 4404 efficere
