2946 5010
347 526 349 532 Ι
383 473 386 480 -
446 449 628 505 casamo
649 450 841 503 sennan.
1089 437 1162 504 495

123 614 323 690 solidorum
339 617 549 714 reciprocae.
586 620 710 694 Quare
726 620 808 716 (per
823 617 966 692 Euclid.
985 617 1100 691 Elem.
1114 618 1163 690 xi.

123 753 227 827 prop.
242 733 305 825 34)
322 732 437 805 cubus
447 756 471 805 a
482 732 543 822 lan,
556 744 593 806 et
604 732 762 806 solidum
779 734 846 807 sub
857 733 927 807 ΤΟ
937 743 974 804 et
984 730 1164 828 quadrato

123 844 170 916 ab
188 869 254 942 ag,
272 857 359 918 sunt
376 845 542 941 aequalia.
596 844 668 919 Sed
685 845 841 919 solidum
860 846 927 918 sub
945 844 1015 919 ΤΟ
1027 855 1064 917 et
1078 867 1164 938 qua·

126 956 232 1030 druto
246 958 292 1030 ab
310 982 375 1055 ag,
393 958 531 1053 aequale
549 969 605 1031 est
619 958 773 1055 sphaerae
791 960 895 1054 cujus
913 957 1091 1031 diameter
1108 967 1165 1029 est

125 1069 197 1143 OE.
250 1066 370 1159 Quare
388 1071 504 1144 cubus
521 1070 608 1143 alm
625 1070 776 1167 aequalis
789 1081 846 1143 est
862 1070 1015 1165 sphaerae
1032 1068 1163 1142 eidem.

176 1182 351 1256 Inventus
368 1207 457 1279 ergo
474 1194 530 1258 est
542 1184 657 1258 cubus
675 1184 828 1280 sphaerae
845 1183 1005 1281 aequalis.

486 1532 735 1585 PROPOSITIO
761 1533 825 1584 111.

276 1687 450 1761 Invenire
471 1697 614 1762 rectam
630 1687 804 1785 aequalem
822 1686 930 1760 arcui
947 1687 1018 1760 CL.

178 1852 383 1948 Repetatur
398 1851 438 1925 in
454 1853 574 1948 figura
591 1852 752 1926 secunda
768 1875 853 1949 pars
873 1852 1002 1948 figurae
1026 1849 1168 1945 primae,

128 1963 167 2035 in
185 1987 258 2058 qua
270 1963 489 2059 quadratum
508 1962 635 2055 QRST
650 1964 788 2060 aequale
805 1975 861 2037 est
871 1963 1009 2037 circulo
1024 1960 1168 2036 BCDE.

129 2076 265 2151 Centro
284 2079 330 2166 A,
349 2077 540 2151 intervallo
565 2077 633 2151 AY
657 2077 885 2151 describatur
909 2100 1015 2150 arcus
1042 2075 1170 2148 circuli

129 2213 257 2263 secans
276 2191 342 2264 AO
360 2190 398 2262 in
417 2190 454 2279 d,
472 2202 511 2262 et
528 2191 594 2264 AG
611 2191 649 2262 in
666 2189 707 2263 b:
733 2202 770 2263 ct
783 2214 849 2287 per
865 2202 1044 2286 puuctum
1062 2186 1170 2261 ddu-

128 2314 235 2376 catur
252 2315 355 2376 recta
371 2302 422 2376 Zc
438 2302 613 2399 parallelo
628 2303 703 2394 GC,
722 2326 849 2378 secans
866 2302 932 2377 AC
945 2303 983 2375 in
1001 2302 1030 2375 Z
1048 2312 1085 2374 et
1102 2300 1171 2374 AG

131 2439 170 2488 m
190 2441 222 2487 c.

179 2528 272 2601 Dico
290 2538 429 2601 rectam
446 2528 497 2600 Za
513 2527 691 2623 aequalem
709 2551 787 2601 esse
804 2528 905 2601 arcui
924 2526 996 2601 CL.

180 2641 277 2714 Nam
296 2641 528 2730 CG,YQ‚Z0
552 2652 639 2714 sunt
666 2641 839 2714 continue
866 2639 1170 2737 proportionales.

130 2756 177 2828 Et
199 2753 281 2851 (per
295 2753 558 2827 Archimedem
571 2752 617 2825 de
629 2751 869 2826 Dimenaione
884 2750 1040 2847 Circnla)
1055 2752 1171 2826 trian-

129 2869 257 2967 gulum
282 2868 548 2965 rectangulum,
567 2868 672 2963 cujus
688 2866 784 2939 latus
809 2890 924 2940 unum
941 2866 1041 2939 circa
1057 2888 1172 2962 angu-

128 2983 206 3056 lum
224 2994 366 3055 rectum
386 2980 525 3078 aequale
543 2989 600 3052 est
625 2979 824 3075 perimetro
851 2979 991 3067 circuli,
1013 2989 1052 3050 et
1076 2978 1174 3051 latus

131 3096 287 3167 alterum
300 3094 440 3190 aequale
452 3092 737 3181 semidiametro,
755 3091 894 3187 aequale
909 3100 966 3164 est
979 3091 1092 3164 totius
1105 3091 1173 3163 cir·

130 3207 205 3280 culi
222 3230 328 3279 areae.

181 3320 280 3414 Ergo
307 3317 564 3413 rectangulum
592 3317 660 3389 sub
678 3315 967 3411 semiperimetro
994 3326 1033 3389 et
1060 3315 1173 3406 radio,

132 3431 272 3529 aequale
289 3442 346 3505 est
359 3454 454 3504 areae
472 3429 635 3525 ejusdem
654 3429 792 3504 circuli.

182 3546 283 3641 Ergo
300 3544 557 3640 rectangulum
574 3543 641 3616 sub
658 3554 764 3640 parte
781 3554 911 3639 quarta
932 3541 1120 3639 perimetri
1138 3552 1175 3616 et

132 3659 249 3748 radin,
261 3658 401 3756 aequale
418 3668 473 3731 est
490 3680 585 3731 areae
602 3655 821 3729 semicirculi
839 3653 949 3730 BOD.

183 3774 282 3869 Ergo
299 3769 555 3867 rectangulum
573 3769 640 3843 sub
658 3780 789 3842 octava
809 3780 914 3865 parte
932 3767 1120 3863 perimetri
1138 3780 1176 3841 et

134 3886 250 3974 radio,
282 3884 322 3957 id
352 3894 407 3957 est
437 3883 692 3979 rectangulum
724 3881 791 3953 sub
821 3879 887 3960 lu
913 3891 951 3955 et
980 3904 1070 3955 arcu
1100 3880 1176 3970 CL,

135 3999 274 4098 aequale
293 4009 350 4072 est
367 4021 462 4072 areae
479 3995 693 4095 quadrantis
711 3992 821 4069 ACB.

185 4113 284 4208 Ergo
301 4111 520 4209 quadratum
537 4135 560 4185 a
576 4109 699 4184 media
715 4107 982 4205 proportionali
997 4108 1094 4180 inter
1110 4104 1177 4182 AO

136 4235 316 4414 {tongum
335 4224 409 4316 CL,
427 4224 565 4322 aequnle
582 4236 640 4300 est
656 4246 752 4298 areae
775 4221 990 4319 quadrantis
1014 4220 1177 4317 ejusdem

1212 637 1296 680 PROP.
1312 635 1345 675 11.

1207 703 1349 742 *rw-³
