2946 5010
472 432 808 490 ononnrnaaum.
999 441 1002 444 ’
1087 422 1161 488 463

172 604 355 695 Secundo,
368 602 513 678 tabulas
529 603 688 692 sinuum,
706 602 950 700 tangentium,
974 613 1013 676 et
1035 614 1163 676 secam
1190 631 1359 673 onaxxm.

122 719 215 792 tium
230 717 377 814 egregie
393 718 505 790 151555
521 740 600 790 esse
615 747 625 801 ;
650 729 848 815 propterea
873 717 973 814 quod
1002 716 1164 790 calculus
1178 700 1349 816 ΒΜ

123 856 252 906 eorum
286 829 471 926 dependet
497 854 522 903 5
554 829 710 904 veritate
743 832 876 906 horum
917 831 1073 904 duorum
1108 822 1380 939 as-{ffiffl‘ss

123 956 378 1041 sumptorum:
412 952 445 1018 1.
474 943 596 1016 Radix
620 943 765 1016 numeri
795 944 1061 1042 quadratorum
1090 966 1166 1016 non
1179 961 1219 998 aa

123 1070 181 1132 est
204 1079 380 1131 numerus
400 1055 675 1152 quadratorum,
701 1056 766 1131 sed
791 1057 983 1131 linearum.
1035 1066 1072 1130 2.
1091 1056 1167 1128 Nu·

122 1195 266 1245 merum
285 1170 467 1243 linearum
492 1192 560 1265 per
584 1192 779 1243 numerum
796 1170 1048 1266 (simpliciter)
1077 1169 1169 1242 mul·

123 1284 342 1381 tiplicatum,
370 1282 493 1355 facere
523 1302 718 1353 numerum
747 1281 1023 1378 quadratorum.
1074 1283 1168 1355 Cum

124 1399 223 1471 enim
236 1395 457 1493 quadratum
474 1419 498 1468 5
513 1405 617 1467 recta
630 1394 835 1490 composita
851 1418 897 1468 ex
913 1395 1070 1469 radicet
1086 1407 1170 1468 tan-

124 1522 235 1607 gente
264 1518 313 1583 30
335 1508 519 1605 graduum
545 1506 685 1603 aequale
710 1507 758 1581 sit
783 1505 912 1580 decem
938 1508 1125 1605 quadratis
1148 1535 1171 1582 5

125 1622 340 1697 semiradio:
367 1621 397 1696 si
414 1631 576 1718 ponatur
595 1618 811 1694 semiradius
830 1629 940 1710 5000,
960 1633 1070 1694 erunt
1096 1635 1172 1696 tres

126 1739 312 1816 semiradii
348 1747 468 1813 15000
498 1762 566 1835 pro
599 1738 680 1812 BN.
733 1737 965 1812 Quadratum
996 1749 1120 1812 autem
1148 1765 1172 1813 5

127 1853 322 1929 semiradio
362 1863 420 1925 est
459 1859 673 1939 25000000,
713 1865 751 1926 et
789 1851 1011 1949 quadratum
1045 1876 1068 1925 5
1102 1852 1171 1926 BN

128 1973 370 2042 225000000:
390 1990 473 2063 quae
491 1966 565 2039 duo
583 1965 765 2063 quadratu
789 1966 897 2038 simul
922 1976 1068 2060 sumpta
1085 1960 1173 2038 sunt

128 2086 366 2166 250000000,
385 2079 445 2151 cui
470 2077 610 2176 aequale
628 2090 684 2151 est
701 2077 922 2174 quadratum
940 2103 963 2152 a
980 2078 1054 2151 ΒΜ
1073 2102 1172 2151 com-

128 2192 251 2290 posita
270 2215 317 2265 ex
339 2191 444 2266 radio
471 2203 509 2266 et
534 2201 711 2288 tangente
737 2201 785 2267 30
807 2190 1001 2289 graduum.
1053 2192 1173 2266 Radix

129 2317 253 2379 autem
294 2304 438 2378 numeri
478 2313 702 2380 250000000
737 2316 794 2379 est
832 2313 1173 2401 15811-quarum

129 2417 289 2515 partium
316 2416 441 2490 radius
468 2429 526 2491 est
547 2425 679 2491 10000.
731 2417 966 2514 Relinquitur
992 2441 1082 2514 ergo
1105 2442 1173 2514 pro

129 2541 307 2626 tangente
325 2537 374 2603 30
391 2529 573 2625 graduum
591 2537 658 2603 581
671 2529 918 2626 l-proxime.
954 2531 1021 2604 Est
1037 2541 1172 2619 autem,

130 2644 171 2717 in
188 2643 324 2717 tabulis
340 2643 586 2738 tangentium,
608 2665 677 2738 pro
698 2643 776 2739 ejus
803 2643 1010 2739 quantitate
1034 2643 1175 2740 positus

130 2781 304 2833 numerus
317 2761 389 2840 577
392 2765 477 2847 3-,
491 2757 553 2854 qui
571 2768 627 2830 est
640 2780 744 2830 error
758 2757 936 2830 momenti
948 2757 1037 2831 satis
1050 2756 1176 2852 magni

131 2873 169 2946 in
188 2871 338 2945 calculis
355 2872 623 2960 astronomicis,
638 2884 677 2945 et
693 2873 732 2946 in
750 2873 891 2947 calculo
908 2874 1177 2971 triangulorum

132 3008 206 3080 quo
224 2995 381 3057 utuntur
397 2985 675 3081 agrimensores.
728 2985 863 3059 lisdem
889 2987 1079 3084 principiis
1094 3011 1177 3083 quae

133 3097 277 3170 ostendi
309 3120 420 3191 supra
448 3121 528 3170 esse
562 3097 665 3186 falsa,
696 3099 898 3172 attribuere
928 3114 1047 3195 potes,
1076 3099 1177 3197 quod

133 3209 319 3303 quantitas
336 3208 475 3298 circuli,
494 3233 517 3280 5
533 3211 675 3305 magnis
692 3211 849 3306 ingeniis
866 3213 966 3283 omni
983 3237 1060 3284 aevo
1077 3236 1177 3309 quae-

133 3321 256 3409 situm,
288 3321 445 3392 inveniri
474 3331 599 3394 tamen
628 3346 703 3395 non
730 3324 903 3418 potuerit.
957 3324 1050 3398 Quis
1080 3325 1177 3398 enim

134 3431 389 3530 praejudicium
406 3432 639 3507 Archimedis
655 3457 732 3507 non
745 3436 954 3508 vereretur?
988 3437 1069 3510 Etsi
1084 3437 1178 3511 liber

135 3548 213 3642 ejus
231 3545 279 3618 de
296 3545 536 3618 Dimenrione
556 3545 703 3621 circuli
727 3572 801 3622 555
830 3548 920 3622 mihi
937 3549 1104 3624 videatur
1129 3553 1178 3625 ab

136 3661 215 3756 ipso
244 3657 387 3741 editus;
416 3659 582 3733 continet
609 3660 707 3734 enim
735 3673 810 3735 tres
838 3675 984 3736 tuntum
1010 3665 1178 3761 proposi-

135 3773 267 3862 tiones,
285 3795 355 3845 nec
379 3796 440 3846 eas
462 3772 592 3847 ordine
609 3799 682 3872 quo
700 3776 865 3872 oportuit
883 3776 1091 3875 dispositas,
1109 3802 1178 3852 nec

136 3885 232 3958 sicut
257 3883 318 3956 alii
347 3886 425 3981 ejus
448 3885 533 3958 libri
555 3886 602 3959 ad
620 3911 827 3983 quenquam
845 3889 908 3984 qui
925 3912 988 3962 eos
1012 3889 1179 3963 couside-

136 4011 237 4071 raret
253 3997 395 4084 missua,
413 3997 478 4070 sed
501 4010 544 4071 ut
571 4000 631 4072 cui
651 4000 813 4073 nondum
842 4026 991 4076 manum
1011 4003 1180 4075 ultimam

137 4110 352 4207 imposuerit
379 4110 478 4207 apud
507 4135 547 4184 se
574 4123 751 4203 retentus,
780 4114 826 4187 ab
857 4115 937 4188 aliis
966 4116 1180 4212 geometria

137 4225 258 4298 minus
276 4223 404 4320 peritis
421 4236 505 4321 post
522 4235 679 4298 mortem
700 4228 780 4323 ejus
797 4226 930 4302 editus

190 4338 368 4412 Doctrina
385 4350 522 4429 autem,
538 4352 576 4412 et
589 4339 669 4436 ipsa
686 4341 837 4415 nomina
852 4342 1011 4432 sinuum,
1026 4355 1180 4440 tangen-
