2946 5010
388 419 569 474 susurro
589 418 782 484 sunnam,
800 417 888 472 uro.
1087 402 1154 468 511

171 585 330 661 Videant
342 610 441 660 nuuc
453 598 650 683 geometrae
663 587 863 683 omnesqui
876 583 1161 671 suntvelerumt,
1176 608 1220 651 ao
1233 609 1319 650 mor.
1334 612 1363 651 v.

121 721 169 772 au
182 699 387 773 convellere
400 699 480 774 haeo
492 712 679 797 poterunt
715 701 781 774 Sin
793 701 902 773 firma
913 699 1001 786 siut,
1010 696 1166 770 videant·
1200 679 1343 715 ψ

122 825 402 909 anargumenta
413 812 813 909 Professoris,quoehio
826 809 1166 908 etiusequentibus

121 923 162 997 iu
187 925 414 998 contrarium
438 925 592 999 adducit
615 925 859 1016 arithmetica,
877 925 990 1021 digna
1006 924 1079 998 siut
1103 946 1162 997 re-

122 1039 340 1135 sponsione:
358 1050 398 1111 et
409 1061 458 1111 au
471 1037 659 1112 Professor
672 1038 742 1111 iste
756 1037 1110 1111 demonstrationum
1123 1036 1163 1109 in

121 1151 327 1246 geometria
348 1150 462 1247 judex
480 1150 632 1225 idoneus
649 1150 773 1224 fuerit.
824 1151 985 1224 Videant
1001 1174 1112 1247 porro
1131 1150 1162 1222 si

123 1264 277 1359 quaestio
295 1264 468 1362 deinceps
492 1267 589 1338 inter
611 1288 671 1338 ms
694 1278 733 1338 et
758 1264 1008 1338 arithmeticos
1025 1263 1073 1335 de
1093 1261 1167 1335 hao

122 1399 176 1466 re,
194 1377 266 1450 alia
288 1401 368 1452 esse
384 1377 500 1474 possit
523 1401 633 1473 quam
658 1376 704 1451 de
720 1377 905 1450 rationum
926 1399 1166 1449 numerorum·

122 1487 161 1560 in
181 1489 385 1583 geometria
407 1489 663 1586 ineptitudine.
714 1489 790 1562 Illis
816 1500 942 1562 autem
964 1487 1163 1577 Professor,

122 1622 227 1697 prop.
243 1610 278 1688 5,
296 1605 333 1690 7,
348 1609 386 1689 9,
404 1610 461 1690 10,
480 1610 536 1691 ll,
551 1614 590 1674 et
611 1611 667 1693 12,
681 1601 767 1675 solis
783 1602 915 1675 utitur.

394 1897 449 1950 AD
468 1896 812 1950 PROPOSITIONEM
830 1898 889 1950 vl.

135 2108 138 2113 ,
175 2026 463 2122 Propositionem
484 2026 580 2100 hano
602 2026 770 2101 absolvit.
823 2028 931 2101 Sanae
948 2051 1037 2123 ergo
1064 2038 1161 2115 sunt,

124 2164 209 2216 cum
222 2139 297 2213 suis
311 2138 522 2230 corollariis,
540 2137 670 2236 prima,
684 2141 807 2230 tertia,
821 2153 964 2237 quarta,
979 2141 1109 2236 quinta
1125 2152 1163 2214 et

126 2266 241 2327 sexta.

388 2497 443 2550 AD
463 2498 806 2553 PROPOSI'I'IONEM
825 2502 901 2554 vll.

176 2626 341 2724 Septima
365 2638 434 2717 est,
458 2627 676 2726 quadratum
701 2629 748 2702 ab
765 2630 841 2719 ΑΖ,
860 2629 918 2703 vel
942 2630 1004 2719 Ze,
1021 2629 1162 2727 aequale

125 2753 183 2816 est
205 2750 248 2816 10
267 2739 456 2838 quadratis
474 2764 497 2815 a
513 2754 646 2837 quarta
669 2754 776 2839 parte
799 2744 910 2819 radii:
937 2768 1047 2840 quam
1071 2742 1162 2816 dicit

126 2878 205 2930 esse
214 2854 356 2945 falsum,
368 2867 404 2929 et
415 2866 535 2930 rectas
546 2853 628 2946 ΑΟ,
636 2855 701 2930 ΑΖ
710 2881 778 2954 pro
788 2858 989 2955 aequalibus
999 2869 1162 2955 sumptas

125 2992 203 3043 esse
220 2968 346 3065 gratis.
1163 2990 1166 2995 ·

173 3081 295 3153 'lirum
312 3092 380 3167 est,
393 3080 522 3170 lector,
535 3082 606 3154 hoo
623 3080 834 3178 dijudicare.
871 3082 1101 3157 Quadratum
1115 3083 1162 3155 ab

127 3188 196 3266 AO
213 3192 351 3288 aequale
377 3207 433 3267 est
459 3201 482 3266 5
509 3194 697 3291 quadratis
722 3219 746 3267 a
771 3195 922 3268 dimidia
938 3195 1012 3283 GC,
1030 3194 1069 3268 id
1093 3208 1161 3282 est,

126 3303 347 3400 quadratum
364 3305 412 3377 ab
431 3302 499 3380 AO
516 3319 574 3379 est
590 3305 730 3401 aequule
748 3315 797 3382 20
811 3306 998 3403 quadratis
1016 3332 1039 3379 a
1056 3307 1163 3381 dimi-

126 3416 211 3491 dia*
230 3416 307 3491 GC.
359 3416 509 3491 Nullum
528 3419 589 3492 hio
607 3417 759 3492 dubium
776 3430 843 3492 est.
896 3417 1016 3510 Quare
1033 3433 1163 3494 oeutro

125 3529 173 3616 A,
189 3530 293 3603 radio
311 3530 391 3620 ΑΟ,
410 3530 440 3603 si
459 3530 615 3605 ducatur
631 3556 738 3606 arcus
751 3532 877 3606 oirouli
896 3556 1023 3607 secans
1041 3534 1107 3608 AG
1124 3533 1163 3606 iu

126 3668 160 3732 c,
187 3642 408 3740 quadratum
433 3645 480 3717 ab
506 3645 561 3718 Ac
585 3646 726 3742 aequale
751 3647 823 3719 erit
852 3655 900 3721 20
926 3646 1114 3742 quadratis
1141 3670 1165 3720 a

126 3769 258 3853 quarta
280 3768 386 3852 parte
403 3756 481 3846 GC,
499 3757 575 3831 sive
594 3767 642 3833 20
660 3757 925 3832 decimissextis
942 3760 1056 3833 totius
1073 3783 1163 3855 qua·

128 3869 225 3943 drati
243 3893 265 3943 a
282 3869 366 3954 Gc;
393 3881 432 3943 et
456 3882 653 3968 propterea
669 3870 890 3968 quadratum
913 3894 936 3945 a
957 3872 1007 3944 Zc
1023 3872 1165 3969 aequale

126 3994 182 4057 est
204 3989 249 4056 10
266 3982 529 4056 decimissextis
546 3983 716 4081 quadrati
731 4007 754 4058 a
769 3984 843 4058 GC.

178 4095 306 4192 Itaque
323 4095 480 4169 absurde
496 4095 585 4170 feeit
601 4097 788 4171 Professor
804 4097 992 4173 destruere
1010 4109 1164 4172 conatus

274 4344 291 4381 ⁶
315 4343 364 4405 Sic
377 4345 445 4406 edit.
464 4347 549 4405 1669.
592 4344 696 4418 Quare
711 4351 729 4380 “
740 4356 869 4422 aquurte
882 4346 1008 4424 parte”?
