2946 5010
299 373 368 441 152
511 384 782 441 exsumsulo
802 386 853 439 nn
871 386 1122 440 ennunnnio

104 580 255 624 numana
295 578 443 631 numero
461 554 661 654 designari
675 566 907 655 conpoteet:
931 579 1019 642 nam
1048 568 1086 631 et
1111 557 1184 630 hoc
1207 556 1340 631 falsum

111 662 254 767 „L
296 680 374 756 est;
402 669 490 767 qnia
504 680 580 744 tres
600 680 744 764 quarte
769 681 896 769 partes
924 670 1035 743 unius
1063 670 1258 766 cujuslibet
1287 671 1341 744 rei

295 806 370 858 non
398 783 519 856 minus
541 805 651 857 verns
677 793 735 857 est
758 805 943 870 numeros,
958 806 1068 879 quam
1095 795 1171 856 tres
1198 795 1341 879 quertae

294 906 420 994 portes
435 896 546 970 unius
560 895 753 970 octonarii.
804 896 853 969 Et
870 895 1098 992 simpliciter,
1116 908 1193 970 tres
1215 910 1340 993 portes

295 1021 383 1085 sunt
399 1031 504 1106 aeqne
522 1032 632 1083 verus
656 1031 832 1083 numerus
849 1031 893 1081 nc
923 1007 996 1082 trie
1023 1020 1114 1083 tote.
1168 1009 1247 1084 Sed
1263 1037 1341 1110 pro

294 1121 394 1197 oeric
420 1120 582 1197 numeris
609 1120 751 1211 haberi,
774 1122 907 1219 inquit,
924 1147 995 1195 non
1023 1121 1156 1197 colent.
1209 1125 1341 1222 Neque

295 1234 367 1311 hoc
384 1233 561 1309 concedo.

345 1346 396 1423 B.
424 1347 498 1421 Sed
513 1347 646 1444 probat
663 1369 710 1420 ex
727 1369 783 1436 eo,
809 1347 909 1443 quod
926 1346 994 1421 sub
1010 1348 1152 1422 numeri
1168 1349 1339 1449 appelhr-

297 1458 397 1535 tione
413 1459 520 1557 apud
534 1458 730 1535 Euclidem
746 1484 817 1532 non
833 1468 1039 1533 censentur.

347 1572 397 1647 A.
425 1571 525 1647 Quis
556 1595 732 1647 numerus
764 1571 957 1646 hominnm
993 1573 1061 1646 sub
1096 1573 1341 1670 appellatione

296 1685 441 1761 numeri
458 1683 557 1782 apud
572 1685 762 1758 Euclidem
779 1708 856 1757 non
873 1697 1058 1773 censetur,
1074 1686 1206 1760 ideone
1223 1689 1341 1784 sequi-

296 1808 359 1874 tur
392 1798 492 1896 quod
525 1821 699 1871 numerus
731 1798 922 1871 hominum
950 1821 1026 1871 non
1056 1812 1114 1873 est
1141 1799 1339 1874 numerus?

298 1912 374 1989 Cur
400 1924 525 1987 autem
543 1934 717 1986 numerus
743 1910 933 1985 hominum
959 1912 1077 2008 magis
1094 1924 1150 1987 est
1167 1938 1342 1987 numerus

298 2048 407 2122 quom
426 2049 601 2099 numerus
617 2025 779 2121 partium
795 2025 904 2099 nnius
920 2025 1103 2100 hominis?

347 2137 395 2213 Β.
423 2139 570 2229 Nescio,
586 2138 652 2212 sed
668 2161 794 2235 perge.

348 2253 398 2327 A.
426 2252 510 2327 Hoc
521 2275 666 2349 quoqne
676 2250 991 2325 animadversione
1002 2251 1156 2348 dignum
1168 2254 1343 2350 estquod

298 2365 400 2454 dicit,
413 2390 460 2438 ec
478 2365 700 2464 imperfecta
718 2374 755 2439 et
772 2363 995 2462 impossibili
1012 2364 1179 2439 radicum
1191 2376 1342 2441 estrac-

299 2478 400 2553 tione
417 2478 514 2551 oriri
531 2501 699 2551 numeros
722 2477 860 2551 surdos
874 2463 939 2566 re,
956 2464 1020 2566 ri,
1035 2488 1105 2551 etc.
1157 2479 1342 2552 Numerus

298 2593 397 2666 enim
413 2591 535 2665 nullus
554 2602 621 2678 est,
639 2591 702 2686 qui
720 2615 795 2664 non
816 2604 871 2665 est
892 2592 931 2664 in
948 2592 1214 2688 progressionis
1232 2594 1341 2687 hujus

297 2705 539 2778 arithmetice)
550 2704 655 2792 serie,
675 2714 705 2794 l,
721 2714 756 2792 2,
768 2714 803 2793 3,
818 2715 889 2777 etc.
905 2731 914 2775 ε
934 2706 965 2778 si
976 2705 1214 2778 continuetur
1228 2729 1343 2801 quan-

298 2830 378 2890 tum
393 2828 528 2914 potest.
574 2837 577 2841 ·

347 2930 395 3005 Β.
423 2930 525 3004 Nihil
542 2929 783 3004 manifestius.
836 2929 910 3002 Sed
927 2930 1088 3024 ignosce.

349 3048 399 3123 A.
427 3047 594 3124 Quidni?
647 3048 909 3120 Condonemus
939 3046 973 3119 ei
1000 3071 1075 3120 non
1101 3047 1211 3122 modo
1235 3049 1342 3136 hanc,

298 3161 364 3235 sed
389 3185 537 3235 omnem
562 3162 654 3257 ejuS,
676 3172 959 3257 quantacunque
987 3161 1046 3249 sit,
1073 3162 1341 3257 ignorantiam

298 3276 363 3350 sed
395 3276 488 3350 falsa
527 3276 795 3372 corrigentibus
838 3275 946 3348 liceat
980 3299 1068 3348 vera
1109 3275 1341 3370 investigere.

297 3389 528 3464 Frectionem
552 3412 638 3462 mox
663 3388 844 3461 laboriose
870 3386 999 3460 definit
1025 3411 1116 3476 esse,
1140 3389 1344 3484 queruntur

298 3502 442 3601 integri
463 3526 565 3599 porc
589 3500 787 3586 indicatur,
806 3525 889 3597 qcoe
905 3499 960 3573 cd
973 3509 1086 3572 totum
1103 3499 1208 3572 illam
1225 3503 1342 3574 ratio-

297 3639 378 3688 nem
405 3613 527 3705 habet,
551 3639 662 3712 quam
688 3612 799 3687 hahet
813 3612 1028 3707 fractionis
1050 3622 1265 3687 numerator
1292 3614 1346 3685 ad

297 3727 618 3803 denominatorem.

347 3841 397 3914 B.
424 3842 523 3914 Male
540 3841 623 3915 hoc.
675 3840 726 3914 Ni
742 3839 840 3913 enim
862 3837 1053 3934 cognitum
1069 3838 1171 3934 prius
1189 3839 1236 3912 sit
1254 3838 1342 3934 quid

297 3951 513 4050 sitsractio‚
527 3954 700 4050 cognosci
717 3976 792 4025 non
810 3961 932 4047 potest
946 3950 1035 4047 quid
1052 3952 1101 4025 sit
1118 3961 1342 4036 numerator,

298 4076 362 4138 aut
380 4067 632 4141 denominator
647 4062 874 4163 fractionis.

347 4176 393 4251 A.
422 4181 572 4254 Poterat
593 4178 752 4267 brevius,
770 4176 904 4267 verius,
928 4190 967 4251 et
997 4178 1151 4274 plenius
1170 4190 1341 4251 naturam
