2946 5010
307 387 354 464 72
523 404 793 457 axintnmmu
815 405 865 456 nn
883 405 1133 460 ausanium

117 600 268 641 ammam
305 573 447 661 relatio,
475 573 550 644 sive
578 573 815 668 comparatio.
869 574 995 647 Potest
1028 597 1119 669 ergo
1147 599 1223 649 una
1252 578 1354 653 ratio

118 681 262 784 „L
305 698 444 783 quanta
461 709 551 773 esse,
569 699 612 758 ut
629 698 753 760 tamen
769 687 841 758 alia
858 700 998 783 quanta
1014 712 1089 762 non
1108 690 1167 762 sit.

354 799 403 872 B.
429 800 567 872 Verum
603 799 704 872 dicis.
783 801 857 873 Sed
889 803 985 874 ratio
1012 803 1235 899 aequalitatis
1265 803 1355 878 iden

304 912 449 985 videtur
467 935 546 985 esse
560 913 759 1009 quantitas,
773 915 860 1009 quia
873 925 909 988 et
927 915 1007 1010 ipsa
1023 918 1141 1012 major
1155 919 1215 991 vel
1228 918 1349 991 minor

305 1049 417 1118 quam
434 1025 505 1099 alia
527 1026 621 1098 ratio
646 1049 725 1098 esse
742 1039 877 1122 potest.
918 1027 986 1099 Est
1013 1029 1111 1101 enim
1134 1031 1274 1104 ratio5
1301 1030 1350 1105 ad

306 1147 341 1226 5,
352 1138 447 1210 ratio
464 1137 706 1232 aeqnalitatis;
734 1139 935 1234 eademque
952 1142 1070 1236 major
1087 1164 1198 1237 quam
1215 1144 1310 1217 ratio
1326 1152 1351 1217 5

305 1250 352 1324 ad
371 1260 406 1338 6,
426 1263 464 1323 et
482 1251 601 1323 minor
619 1275 730 1347 quam
747 1252 842 1324 ratio
861 1262 882 1325 5
902 1252 950 1326 ad
968 1263 1002 1326 3.

357 1364 407 1438 A.
434 1364 546 1437 Aliud
572 1377 631 1437 est
654 1375 801 1438 tantum
826 1389 905 1438 esse
929 1365 1098 1440 absolute
1119 1380 1158 1441 et
1180 1367 1352 1441 solitarie

305 1489 504 1574 sumptum,
518 1477 618 1551 aliud
632 1478 894 1575 comparative.
930 1479 1041 1553 Ratio
1059 1480 1211 1575 quidem
1227 1504 1351 1577 aequa-

229 1588 239 1609 “
305 1591 418 1665 litatis
448 1592 566 1686 major
594 1615 673 1664 esse
701 1602 827 1686 potest
857 1616 968 1687 quam
999 1593 1096 1666 ratio
1129 1593 1351 1688 quantitatis

305 1704 457 1778 minoris
474 1703 521 1776 ad
539 1705 727 1800 majorem,
745 1717 788 1777 ut
811 1716 936 1777 tamen
961 1705 1042 1801 ipsa
1065 1707 1254 1800 quantitas
1274 1731 1352 1781 non

305 1821 364 1893 sit.
432 1820 600 1916 Exempli
633 1841 766 1892 causa:
808 1819 951 1892 etiamsi
976 1828 1001 1893 0
1030 1819 1123 1893 nihil
1156 1820 1219 1910 sit,
1255 1820 1350 1895 ratio

305 1946 429 2008 tamen
447 1942 471 2006 0
488 1931 536 2004 ad
560 1940 584 2007 0
608 1935 726 2029 major
751 1943 808 2005 est
831 1956 941 2028 quam
964 1932 1060 2006 ratio
1083 1940 1108 2007 0
1130 1932 1179 2006 ad
1201 1942 1283 2025 0-1‚
1313 1933 1352 2008 id

305 2061 363 2121 est
379 2072 489 2143 quam
506 2055 531 2120 0
549 2046 597 2120 ad
613 2047 733 2119 minus
751 2070 862 2142 quam
879 2053 915 2120 0.

357 2162 406 2234 B.
435 2162 519 2233 Hoc
536 2160 686 2256 quidem
704 2184 831 2232 verum
851 2173 908 2233 est
926 2160 965 2233 in
983 2160 1144 2233 numeris
1161 2159 1219 2234 vel
1236 2184 1353 2256 quan-

306 2275 475 2348 titatibus
498 2274 607 2346 fietis.
646 2273 719 2346 Sed
736 2284 893 2370 putasne
911 2283 952 2345 tu
972 2261 1133 2347 rationes
1150 2274 1353 2348 censendas

307 2413 385 2462 esse
404 2388 533 2460 eodem
551 2385 660 2458 modo
679 2409 751 2481 quo
770 2385 915 2458 numeri
931 2385 1037 2458 fieti?

359 2502 408 2572 A.
436 2500 541 2572 Puto.

359 2613 408 2685 B.
435 2614 610 2685 Attamen
629 2610 815 2707 quomodo
843 2611 924 2683 fieri
941 2624 1075 2707 potest,
1100 2624 1142 2684 ut
1167 2614 1263 2688 ratio
1286 2616 1354 2688 mi·

307 2727 409 2798 noris
435 2725 483 2797 ad
507 2726 625 2819 majus
654 2725 841 2819 quantitas
870 2725 929 2813 sit,
958 2749 1043 2797 cum
1077 2727 1171 2799 ratio
1199 2751 1283 2823 quae
1307 2731 1356 2802 sit

308 2838 371 2909 illa
388 2839 517 2931 major,
544 2860 676 2933 nempe
700 2837 795 2909 ratio
816 2837 1056 2932 aequalitatis,'
1076 2839 1263 2935 quantitas
1280 2866 1355 2915 non

309 2949 385 3023 sit?

361 3065 409 3136 A.
437 3064 530 3135 Cum
549 3063 643 3135 ratio
662 3063 710 3135 sit
724 3063 972 3155 quantitatum
987 3065 1224 3159 comparatio,
1243 3089 1354 3163 expo·

309 3178 389 3250 sitis
408 3177 548 3249 duabus
566 3177 836 3272 quantitatibus
854 3177 1095 3272 inaequalibus
1109 3177 1222 3273 dupla
1238 3180 1357 3254 oritur

309 3291 559 3387 comparati03
591 3291 708 3361 altera
738 3290 888 3363 minoris
919 3291 967 3362 ad
993 3291 1181 3385 majorem,
1212 3292 1251 3365 in
1282 3318 1357 3390 qua

309 3406 487 3502 quaeritur
498 3416 679 3500 quantum
693 3403 813 3477 minor
827 3429 849 3475 a
861 3406 997 3499 majore
1011 3415 1219 3498 superatum
1241 3405 1357 3479 altera

310 3519 458 3613 majoris
476 3518 523 3589 ad
540 3516 733 3602 minorem,
757 3540 829 3611 qua
847 3516 1024 3613 quaeritnr
1042 3529 1221 3613 quantum
1239 3522 1357 3616 major

310 3632 489 3703 minorem
519 3641 678 3724 superat.
734 3630 865 3725 Itaque
896 3631 990 3702 ratio
1016 3629 1278 3724 inaeqnalitatis
1303 3643 1357 3705 est

312 3744 459 3839 duplex,
502 3743 618 3815 altera
647 3743 827 3839 desectus,
870 3742 986 3814 altera
1013 3766 1197 3814 aecensus.
1252 3745 1357 3819 Sicut

311 3870 434 3930 autem
460 3856 603 3928 numeri
627 3856 817 3950 finguntur
835 3855 881 3926 ab
900 3863 935 3943 0,
960 3880 1025 3928 seu
1043 3855 1169 3943 nihilo,
1191 3858 1358 3954 superari

310 3970 440 4042 iisdem
463 3968 665 4041 intervallis
685 3968 816 4063 quibus
835 3968 954 4061 ipsum
973 3977 1008 4056 0,
1035 3992 1099 4041 seu
1120 3967 1223 4059 nihil,
1250 3994 1356 4068 supe-

310 4095 413 4155 ratur
431 4108 453 4154 a
471 4084 630 4155 numeris
648 4107 722 4154 non
736 4082 855 4153 fictis:
883 4081 935 4153 ita
952 4083 1047 4155 ratio
1066 4082 1233 4178 dffectua
1250 4108 1358 4183 supe-

310 4211 413 4267 ratur
426 4222 447 4267 a
461 4196 601 4268 ratione
617 4193 843 4291 equalitatis
855 4195 982 4268 iisdem
998 4195 1211 4285 intervallis
1225 4199 1358 4294 quibus

309 4307 390 4403 ipsa
407 4321 599 4404 superatur
617 4334 639 4381 a
658 4308 862 4381 rationibus
882 4333 1068 4382 excessua.
1120 4309 1167 4381 Et
1184 4334 1252 4405 per
1269 4336 1358 4386 eon-
