2946 5010
396 431 975 486 uaruuuamcmuomuaum.
1135 414 1208 482 219

166 601 255 674 facti
287 625 310 673 a
343 601 559 696 rectangnlo
594 598 668 677 DG
701 611 758 673 est
791 600 830 673 in
863 599 975 697 plano
1009 608 1133 672 erecto
1160 596 1209 670 ad
1245 619 1397 665 unrocus

167 715 332 786 chartam
350 713 386 786 in
406 719 457 801 tt,
476 725 515 787 et
539 713 733 809 utriusque
757 723 927 785 centrum
951 710 1144 807 gravitatis
1171 710 1210 783 in
1251 702 1395 808 „L

166 839 271 898 recta
287 850 370 921 quae
387 825 476 899 facit
493 850 578 898 cum
596 825 776 899 diametro
793 825 850 898 sui
867 823 1082 921 quadrantis
1096 847 1212 920 angu-

167 939 244 1011 lum
287 939 535 1012 inclinationis
569 940 817 1029 semirectum,
852 962 1009 1034 cumque
1043 949 1213 1010 centrum

168 1052 360 1148 gravitatis
379 1052 484 1125 solidi
498 1076 522 1125 a
533 1052 774 1126 conversione
790 1051 901 1124 simili
913 1050 1090 1146 trianguli
1101 1044 1213 1125 DBG

169 1165 217 1237 sit
234 1165 402 1237 similiter
419 1165 579 1261 positum
600 1164 647 1237 ad
664 1164 816 1261 planum
833 1187 942 1259 super
958 1208 1015 1258 pp,
1034 1162 1105 1236 erit
1127 1185 1213 1236 cen·

170 1289 268 1349 trum
286 1277 478 1372 gravitatis
500 1276 607 1350 solidi
631 1275 824 1373 propositi,
854 1287 1006 1372 propter
1030 1274 1214 1348 rationem

169 1390 467 1484 magnitudinum
485 1399 507 1464 2
527 1389 574 1463 ad
597 1399 628 1478 l,
649 1389 689 1462 in
715 1413 759 1462 eo
783 1388 895 1486 plano
919 1388 1019 1485 quod
1049 1387 1164 1462 distat
1191 1410 1215 1461 a

170 1503 280 1599 plano
298 1526 363 1598 per
380 1507 421 1584 Ζζ
438 1526 484 1574 ex
501 1501 617 1574 altera
633 1512 751 1598 parte,
773 1501 827 1575 ita
851 1511 894 1573 ut
923 1500 1099 1574 distantia
1115 1505 1150 1583 ιζ
1165 1498 1215 1572 sit

171 1615 219 1689 ad
236 1615 451 1688 distantiam
469 1616 560 1711 ejus,
579 1639 624 1686 ex
649 1613 767 1688 altera
792 1625 899 1710 parte
925 1614 1114 1710 reciproce
1130 1622 1174 1687 ut
1189 1621 1213 1688 2

171 1728 268 1802 adl.
311 1728 392 1800 Erit
408 1751 496 1823 ergo
516 1740 682 1800 centrum
700 1727 894 1823 gravitatis
910 1726 1017 1800 solidi
1032 1725 1230 1823 propositi.

172 1843 209 1914 in
223 1841 333 1937 plano
348 1840 448 1935 quod
465 1840 513 1913 ad
529 1840 679 1937 planum
694 1842 833 1914 chartae
850 1853 907 1915 est
923 1851 1088 1914 erectum
1103 1840 1143 1913 in
1156 1871 1215 1913 σσ.

173 1955 270 2027 Nam
288 1975 319 2040 ιζ
337 1964 394 2026 est
412 1963 447 2043 3,
466 1977 623 2048 quorum
641 1975 680 2041 ια
697 1965 754 2026 est
772 1951 824 2044 -ξπ
878 1954 1029 2042 Rursus,
1047 1962 1217 2026 centrum

172 2066 363 2162 gravitatis
390 2067 496 2139 solidi
520 2066 701 2163 propositi
730 2077 787 2139 est
814 2064 993 2154 inrecta,
1021 2089 1104 2162 quae
1129 2064 1220 2139 facit

173 2203 258 2252 cum
275 2189 377 2250 recta
395 2211 441 2248 σσ
461 2179 637 2274 angulum
655 2178 901 2252 semirectum,
950 2178 1151 2251 Rectarum
1164 2176 1219 2268 88,

174 2328 236 2391 υχ,
254 2291 466 2364 intersectio
493 2291 541 2364 sit
565 2325 603 2364 ω.
666 2290 852 2364 Quoniam
875 2293 952 2386 jam
969 2325 1016 2362 ωυ
1034 2301 1090 2366 est
1106 2289 1155 2363 ad
1170 2323 1220 2362 ωτ

174 2415 255 2478 ut2
278 2404 326 2477 ad
354 2414 385 2492 l,
418 2403 457 2476 id
485 2416 554 2493 est,
581 2405 620 2477 in
649 2403 793 2477 ratione
822 2404 930 2478 solidi
959 2404 1139 2501 propositi
1172 2402 1221 2477 ad

176 2519 331 2592 solidum
344 2517 484 2591 factum
497 2518 640 2591 asimili
650 2518 890 2592 conversione
903 2515 1219 2619 trianguliDBF;

176 2644 215 2703 et
250 2641 418 2703 centrum
452 2631 645 2728 gravitatis
689 2631 797 2703 solidi
836 2655 860 2704 a
892 2631 1080 2728 triangulo
1114 2631 1222 2705 DBF

177 2757 234 2817 est
251 2745 289 2816 in
307 2775 347 2826 v;
375 2745 405 2816 si
423 2745 489 2817 fiat
505 2778 530 2815 ω
548 2760 717 2817 centrum
734 2745 849 2835 librae,
876 2746 1027 2819 distabit
1052 2756 1222 2818 centrum

177 2857 369 2953 gravitatis
387 2857 493 2930 solidi
511 2857 690 2954 propositi
713 2881 736 2930 a
758 2868 888 2930 centro
912 2858 1015 2931 librae
1033 2891 1070 2946 ω,
1098 2859 1151 2931 ita
1178 2871 1223 2930 ut

179 2972 356 3043 distantia
377 3004 425 3041 υω
451 2972 500 3044 sit
531 2971 643 3067 dupla
671 2970 856 3044 distantiae
885 2972 1004 3045 centri
1031 2970 1225 3067 gravitatis

179 3083 286 3156 solidi
301 3083 478 3178 propositi
496 3084 543 3156 ab
562 3082 693 3156 eodem
705 3095 844 3177 puncto
861 3117 898 3157 ω.
932 3076 1017 3157 Erit
1034 3107 1123 3178 ergo
1140 3084 1179 3155 in
1192 3116 1223 3155 τ.

181 3196 292 3269 Quod
309 3207 389 3269 erat
406 3195 746 3269 demonstrandum.

234 3307 399 3382 conseer.
469 3310 644 3403 Sequitur
676 3308 763 3380 hinc
791 3320 970 3404 punctum
998 3342 1035 3397 ω,
1065 3307 1225 3404 positum

181 3421 269 3493 item
286 3422 325 3494 in
343 3434 447 3494 recta
463 3421 524 3510 do,
543 3422 595 3494 ita
618 3434 659 3494 ut
683 3421 796 3495 faciat
820 3445 904 3495 cum
929 3433 1031 3494 recta
1048 3421 1092 3491 88
1109 3445 1226 3517 angu-

180 3534 257 3605 lum
275 3534 521 3623 semirectum,
540 3557 620 3606 esse
638 3546 809 3607 centrum
826 3534 1019 3630 gravitatis
1036 3533 1227 3629 utriusque

182 3647 289 3718 simul
307 3647 425 3735 solidi,
443 3671 575 3744 nempe
593 3646 700 3720 solidi
725 3648 916 3744 propositi,
944 3658 982 3720 et
1007 3646 1115 3720 solidi
1136 3646 1228 3720 facti

183 3785 204 3832 a
222 3761 331 3832 simili
349 3761 589 3834 conversione
612 3760 787 3855 trianguli
805 3759 926 3834 DBF.

235 3872 284 3945 B.
312 3873 431 3946 Credo
450 3873 633 3969 equidem,
651 3886 690 3945 et
706 3887 887 3968 praeterea
902 3885 1083 3969 punctum
1101 3873 1230 3946 Cesso

184 3999 352 4059 centrum
377 3987 568 4083 gravitatis
596 3988 788 4082 utriusque
820 3987 928 4059 simul
953 3986 1072 4075 solidi,
1096 4009 1230 4083 nempe

184 4098 290 4171 solidi
319 4099 510 4195 propositi,
537 4111 576 4172 et
604 4099 712 4172 solidi
743 4100 842 4195 quod
871 4101 914 4172 fit
943 4124 966 4172 a
993 4099 1230 4173 conversione

185 4211 295 4282 simili
309 4212 408 4306 plani
423 4211 636 4306 cycloidalis
653 4213 794 4284 externi
814 4211 882 4284 BF
889 4211 933 4288 G.
984 4213 1101 4286 Video
1119 4212 1230 4287 etiam

184 4324 309 4397 basem
329 4323 358 4396 F
366 4325 400 4397 D
419 4325 471 4396 ita
488 4323 601 4397 dividi
619 4349 641 4398 a
658 4325 768 4420 plano
792 4326 986 4421 aequilibrii
1003 4359 1062 4419 σσ,
1078 4339 1121 4402 ut
1145 4351 1231 4425 pars
