2946 5010
308 419 356 486 to
522 426 790 485 exsarturum
810 432 861 485 nr
880 429 1126 484 suarnsrro

117 625 267 669 orimum
309 596 466 673 Abunde
492 620 581 693 ergo
606 597 751 689 sufficit,
768 597 799 671 si
815 597 855 671 in
871 597 1072 672 Elementis
1088 595 1252 670 Euclidis
1269 619 1345 670 uon

187 707 208 747 1.

126 777 266 814 -s-v

308 711 433 786 omnia
456 711 684 784 theoremata
709 710 1006 785 demonstrentur
1023 708 1345 785 demonstrationi-

308 826 377 899 bus
392 847 438 900 ror
452 838 536 910 nom
560 823 599 899 id
615 835 683 914 est,
709 824 844 899 sufficit
864 826 896 899 si
918 824 990 900 alia
1011 826 1090 923 ejus
1116 824 1348 898 theoremata

309 937 467 1013 sciamus
493 958 572 1011 csse
588 959 686 1027 vera,
703 937 776 1011 alia
797 960 845 1013 an
861 961 948 1013 vera
964 938 1038 1013 siut
1053 960 1182 1028 necne,
1206 936 1347 1009 nescia·

309 1074 403 1125 mus.
458 1049 519 1123 An
547 1050 759 1145 geometria
787 1050 972 1147 professor
1000 1050 1155 1125 idoneus
1185 1058 1253 1139 est,
1283 1046 1347 1143 qui

309 1185 441 1260 neque,
458 1174 501 1235 ut
517 1171 604 1235 ante
620 1161 858 1255 ostendimus,
876 1165 947 1238 scit
973 1187 1056 1261 quae
1073 1162 1149 1237 sint
1163 1161 1262 1235 illius
1277 1160 1349 1234 sci·

310 1276 423 1351 entioe·
435 1273 626 1372 principia,
644 1298 776 1372 neque,
801 1286 845 1350 ut
872 1287 1028 1374 apparet
1048 1275 1121 1350 hoc
1145 1275 1242 1363 loco,
1258 1271 1349 1370 quid

311 1389 359 1463 sit
384 1388 652 1478 demorrstrare,
676 1388 717 1462 id
745 1399 812 1480 est,
830 1388 920 1486 qnid
946 1389 994 1464 sit
1014 1387 1179 1463 docere?
1231 1385 1349 1461 Miror

312 1500 376 1598 qui
386 1500 525 1574 factum
541 1499 601 1590 sit,
612 1510 655 1573 ut
670 1500 884 1576 cathedram
900 1512 1031 1575 nactus
1049 1501 1098 1575 sit
1114 1500 1348 1574 Savilianarn.

362 1613 410 1686 B.
439 1612 618 1703 Fortasse,
627 1614 735 1709 ¹qnod
751 1615 791 1687 in
803 1613 1069 1712 professoribus
1085 1612 1157 1686 illis
1170 1610 1349 1710 eligendis

311 1725 509 1825 plurimum
522 1725 710 1821 potuerint
720 1727 894 1824 suffragia
904 1726 1108 1817 hominum,
1120 1749 1196 1800 non
1208 1725 1350 1801 mathe-

312 1837 542 1928 maticorum,
560 1836 626 1911 sed
642 1838 910 1936 theologorum.

364 1953 413 2027 Α.
442 1951 568 2027 Quid?
596 1951 805 2050 'lheologiae
818 1952 989 2028 doctores
1005 1976 1128 2028 noune
1146 1950 1352 2025 didicerant

313 2065 498 2163 logicam?
550 2067 647 2140 Nam
664 2090 806 2141 errores
828 2068 868 2142 hi
885 2091 960 2141 non
977 2067 1146 2141 oriuntur
1164 2088 1188 2139 a
1204 2064 1352 2139 defectu

313 2179 536 2277 geometria,
551 2179 616 2253 sed
628 2180 769 2277 logicae.
816 2179 925 2254 Unde
937 2192 1061 2254 autem
1074 2177 1352 2254 commendatus

314 2302 371 2366 est
387 2291 598 2388 theologis?

362 2405 413 2478 B.
440 2404 550 2479 Nosti
580 2427 654 2501 quo
685 2414 849 2502 tempore
879 2405 1093 2502 eligebatur,
1128 2402 1284 2477 multum
1313 2403 1352 2478 in

314 2516 463 2591 civitate
479 2527 607 2590 nostra
622 2518 786 2613 potuisse
809 2541 884 2609 eos,
908 2519 971 2616 qui
989 2518 1152 2592 ecclesiae
1175 2516 1352 2614 regimen,

314 2630 354 2703 iu
384 2629 509 2717 sacris,
539 2631 769 2727 presbyterio
798 2631 1085 2729 adjudicabant;
1110 2632 1214 2728 cujus
1243 2642 1353 2704 sectae

315 2753 373 2816 est
404 2741 602 2817 Wallisius.
660 2744 841 2818 Praeterea
876 2743 1166 2824 commendatior
1197 2742 1353 2816 fortasse

317 2864 396 2929 erat
412 2866 563 2953 propter
580 2867 697 2931 artem
714 2858 965 2955 symbolicam.

365 2966 415 3041 A.
442 2966 571 3067 Igitur
599 2978 641 3043 ut
669 2994 746 3044 rem
775 2980 888 3044 totam
912 2969 1116 3045 dilucidior
1143 2968 1353 3068 supertiam,

317 3090 397 3154 tres·
412 3082 630 3177 presertim
648 3083 997 3158 demomtrattonum
1017 3082 1355 3156 matbematicorum

316 3193 1185 3294 siocmodos,sicegrcdur,siacspecr‘esrtctuo.
1227 3193 1355 3267 Prima

319 3305 460 3403 quidem
476 3317 533 3381 eat
549 3307 620 3382 illo
633 3309 909 3399 demmrratio,
926 3334 1001 3408 quc
1015 3334 1089 3408 per
1105 3307 1356 3383 deductionem

318 3420 373 3494 ad
392 3419 594 3494 absurdum
619 3445 684 3494 acu
706 3421 931 3519 impossibile
947 3422 1267 3522 procedit—Scis
1292 3421 1355 3495 de·

318 3531 547 3607 monstrandi
556 3557 673 3630 genus
682 3535 753 3608 hoc
762 3535 844 3609 loco
858 3535 931 3609 diei
942 3535 1076 3611 ducere
1086 3536 1134 3609 ad
1144 3535 1355 3625 absurdum,

319 3646 406 3743 qnia
419 3644 523 3720 ducit
535 3646 583 3720 ad
596 3647 918 3723 contradictoriam
931 3648 1190 3745 propositionis
1203 3648 1356 3746 alicujus

319 3772 406 3833 ante
419 3758 893 3847 demonstrataeostensive3
919 3773 958 3835 et
972 3762 1120 3858 quidem
1130 3786 1197 3859 per
1208 3763 1356 3837 demon·

320 3872 534 3946 strationem
553 3892 601 3946 ros
614 3885 688 3948 διότι.

368 3982 416 4058 B.
443 3984 551 4070 Scio;
577 3998 615 4059 et
631 3986 785 4083 proinde
809 3987 998 4062 theorema
1019 3990 1171 4080 nullum,
1196 3989 1296 4085 quod
1312 4013 1358 4063 ex

320 4096 507 4193 principiis
527 4099 738 4175 immediate
761 4100 1046 4193 demonstratur,
1066 4103 1358 4178 demonstratum

322 4208 394 4281 dici
411 4222 533 4304 potest
548 4236 616 4307 per
632 4213 884 4288 deductionem
901 4214 956 4287 ad
969 4215 1179 4290 absurdum.

372 4322 419 4395 A.
448 4323 522 4398 Qui
536 4323 840 4402 demonstraverit
854 4329 1143 4426 propositionem
1160 4353 1359 4426 quamcun-
