2946 5010
369 433 685 488 uaruuuarrcn
705 435 948 489 monianum.
1125 426 1171 490 55

181 585 232 660 A.
259 585 362 660 Idem
389 611 533 662 censeo.
584 589 827 663 Transeamus
856 611 944 685 ergo
972 587 1021 661 ad
1050 588 1173 687 Caput
1208 621 1357 664 arctoam

130 699 341 796 septimum.

179 813 231 886 B.
260 814 339 888 Imo
353 837 439 887 vero
458 815 506 888 ad
524 814 730 888 decimum:
755 814 848 888 nihil
865 814 964 888 enim
980 814 1173 888 continent

131 925 343 1022 septimum,
360 938 532 1001 octavum
549 936 588 1000 et
611 950 763 1014 nonum,
780 937 916 1024 praeter
936 950 1174 1001 numerorum

128 1040 270 1112 variam
288 1039 537 1136 scriptionem,
559 1040 733 1114 nimirum
755 1040 794 1113 in
812 1040 901 1137 Cap.
918 1040 995 1131 vii„
1021 1039 1173 1113 modum

129 1152 317 1226 scribendi
329 1176 502 1227 numeros
518 1176 585 1250 per
598 1153 723 1227 literas
736 1153 922 1251 alphabeti
940 1176 1173 1227 communem

129 1265 268 1339 Graecis
286 1276 326 1337 et
343 1266 536 1350 Hebraeis;
563 1266 603 1338 in
621 1278 751 1340 octavo
774 1268 875 1356 item,
902 1265 1053 1339 modum
1082 1267 1173 1339 scri-

129 1377 243 1451 bendi
262 1399 329 1473 per
350 1376 475 1451 literas
499 1377 685 1474 alphabeti
714 1402 946 1452 communem
972 1378 1110 1453 Graecis
1136 1387 1174 1451 et

129 1489 273 1563 Latinis
287 1521 297 1574 3
323 1490 363 1562 in
378 1514 476 1565 nono
496 1490 541 1564 de
559 1492 706 1589 cyphris
723 1493 884 1566 maxima
897 1516 942 1567 cx
959 1504 1065 1589 parte
1083 1491 1172 1565 satis

129 1602 302 1698 cognitis,
319 1614 453 1677 caetera
468 1606 605 1701 partim
621 1605 763 1692 frivola,
777 1606 912 1701 partim
930 1607 1060 1680 alicua
1098 1604 1173 1678 Sed

129 1740 153 1789 a
180 1738 272 1788 voce
301 1713 456 1812 cypira,
483 1729 605 1791 ortum
637 1717 807 1792 habuisse
838 1718 947 1794 docet
970 1741 1079 1792 voces
1108 1742 1172 1815 cy-

121 1827 296 1926 pluandi
319 1840 357 1901 et
374 1829 644 1928 decapitandi,
661 1854 729 1927 pro
756 1831 938 1927 scriptura
962 1831 1109 1905 occulta
1133 1841 1173 1904 et

130 1941 295 2038 ejusdem
313 1942 706 2040 explicatione-Qua
719 1941 909 2016 scribendi
922 1944 1070 2016 ratione
1082 1952 1172 2020 tcm-

122 2079 222 2152 pore
251 2052 340 2128 belli
362 2054 487 2127 ciuilia
513 2080 594 2129 cum
618 2078 738 2128 omnes
750 2055 847 2150 fere
874 2065 1078 2144 uterentur,
1101 2080 1172 2128 non

122 2169 252 2265 pauca
268 2167 475 2263 hujucemodi
491 2168 639 2267 scripta
655 2169 694 2242 in
710 2169 841 2241 itinere
857 2192 924 2240 auo
950 2169 1055 2263 (nota
1073 2168 1173 2264 quod

129 2281 170 2353 in
185 2279 323 2376 Anglia
338 2279 472 2354 itinera
492 2280 635 2354 faciunt
652 2281 833 2378 epistolae)
853 2281 1073 2379 intercepta,
1097 2280 1174 2378 ipsi

133 2392 191 2486 (ut
204 2392 269 2487 ait)
285 2392 512 2492 explicanda
525 2392 783 2467 tradebantur.
820 2393 876 2466 Et
893 2393 1038 2491 quidem
1048 2417 1173 2467 eorum

128 2503 305 2578 nonnulla
318 2514 394 2578 tam
406 2504 652 2603 insuperabili
665 2504 885 2600 difficultate
894 2505 1058 2580 inuoluta
1069 2507 1171 2580 oide-

130 2614 276 2708 bantur,
304 2628 344 2691 ul
360 2619 459 2716 fere
481 2619 528 2692 de
551 2617 697 2691 ituram
720 2618 968 2716 explicatione
993 2619 1171 2718 despera

128 2729 239 2821 ecrit,
256 2755 322 2803 nec
337 2731 413 2804 niai
423 2741 512 2828 poet
535 2730 747 2804 diuturnam
762 2730 1032 2828 inquisitionem
1049 2733 1172 2806 incre-

129 2841 240 2916 dibili
273 2842 399 2916 laima
432 2844 682 2942 superauerit.
754 2843 913 2928 Quorum
946 2867 1017 2917 non
1041 2869 1172 2942 pauca

128 2955 334 3054 cpecimina
351 2955 389 3029 in
408 2955 567 3055 publica
591 2955 828 3029 Bibliotheca
850 2955 1076 3054 Bodleyana
1097 2957 1172 3031 Oc-

129 3068 223 3143 cniae
238 3070 492 3143 amoenanda
509 3068 686 3142 tradidit.

178 3181 229 3255 A.
256 3182 318 3256 Ad
357 3183 594 3257 scientiarum
627 3181 942 3255 Walllssianarum
984 3182 1171 3256 cumulum

130 3317 204 3368 nna
221 3294 340 3369 defuit
355 3296 486 3392 gloria,
513 3298 607 3370 bene
632 3295 894 3391 deciphrandi:
921 3297 1054 3369 merito
1082 3319 1170 3390 ergo

129 3407 301 3504 peritiam
328 3408 438 3482 istam
466 3432 570 3483 snam
597 3408 760 3505 ignorari
789 3408 933 3492 noluit;
968 3408 1172 3502 pracsertim

131 3545 217 3594 cum
232 3521 420 3610 ThuanuS,
436 3520 551 3593 vitam
574 3520 735 3594 scribens
753 3520 937 3593 Francisci
949 3519 1067 3592 Vietae
1083 3541 1170 3613 geo·

130 3645 260 3708 metrae
279 3643 319 3707 et
338 3633 558 3731 algebristae,
583 3644 671 3707 ante
688 3632 906 3718 Wallisium,
932 3632 1092 3720 maximi,
1116 3631 1171 3705 in-

130 3746 281 3843 genium
298 3748 377 3843 ejus
394 3748 441 3820 ah
459 3745 587 3820 eadem
603 3745 779 3818 facultate
796 3744 1030 3818 laudavisset.
1073 3745 1170 3816 Nam

131 3858 279 3955 cyphrae
297 3859 464 3955 symbola
480 3869 578 3948 sunt,
597 3869 636 3931 et
661 3881 789 3930 carum
820 3857 981 3952 cognitio
1007 3867 1063 3929 cst
1085 3880 1171 3951 pars

131 3971 353 4068 symbolicae.
393 3973 523 4066 Itaque
536 3995 682 4068 aequum
696 3981 787 4059 erat,
801 3982 844 4043 ut
860 3971 907 4043 ab
926 3993 969 4042 ea
985 3981 1064 4042 arte
1081 3970 1171 4067 ipse,

130 4094 173 4158 ut
185 4085 245 4159 cui
258 4083 387 4158 deerat
398 4085 568 4159 laudator
578 4085 705 4158 similis
717 4083 883 4172 Thuano,
896 4083 1064 4156 laudaret
1080 4107 1171 4157 sese.

178 4196 227 4271 B.
255 4197 392 4294 Incipit
418 4197 604 4293 hincjam
632 4220 724 4293 opus
752 4196 1035 4268 arithmeticum.
1100 4195 1173 4269 Sed

130 4322 330 4410 antequam
355 4310 403 4384 ad
433 4311 740 4384 examinationem
769 4310 848 4405 ejus
869 4309 1069 4399 veniamus,
1097 4333 1173 4382 non

131 4426 193 4499 abs
210 4449 251 4500 re
270 4425 351 4499 fore
378 4423 535 4496 arbitror
565 4422 595 4496 si
624 4422 836 4519 geometriae
864 4434 902 4496 et
932 4420 1172 4494 arithmeticae

1211 704 1356 808 ᾧ
