2946 5010
302 392 350 458 96
519 406 789 460 nxaurusrro
809 408 861 461 nr
880 409 1128 463 nunnnanro

119 600 269 642 onmem
302 584 464 658 numeris
499 585 673 682 explicari
706 610 782 659 non
815 585 966 682 potest?
1018 586 1216 662 Quomodo
1251 611 1342 685 ergo

169 682 205 723 111

118 707 261 786 ..ρ
301 696 620 794 contemplationis
654 709 741 771 sunt
773 699 1026 788 arithmeticae,
1055 723 1139 797 quae
1172 711 1342 774 versatur

300 822 446 885 tantum
473 812 512 885 in
535 813 740 886 rationibus
766 812 1030 886 numerorum?
1082 813 1226 886 Contra
1240 836 1339 904 vero,

299 924 397 999 inter
413 949 586 999 numeros
601 925 694 999 ratio
708 925 809 999 nulla
821 937 888 1017 est,
900 952 981 1024 quae
991 951 1067 1000 non
1077 927 1212 1024 exponi
1223 928 1340 1023 possit

300 1037 416 1113 lineis.
468 1038 580 1129 Quid,
599 1041 699 1135 quod
716 1040 858 1114 radices
875 1064 1122 1130 numerorum,
1140 1064 1223 1137 qnae
1240 1040 1340 1138 alge-

300 1152 405 1225 bram
438 1152 516 1226 fere
550 1164 667 1227 totam
699 1163 921 1243 sustentant,
948 1153 1144 1250 pleraeque,
1174 1164 1219 1226 ut
1253 1166 1339 1227 ante

299 1265 520 1355 monuimus,
538 1267 682 1341 numeri
704 1291 779 1341 non
802 1265 913 1341 sunt?
966 1267 1090 1342 Quare
1116 1277 1153 1340 et
1176 1266 1339 1342 calculus

298 1402 425 1452 earum
438 1403 513 1454 non
526 1380 778 1454 arithmeticus
793 1379 857 1454 sed
873 1379 1118 1475 geometricus
1135 1391 1205 1453 est.
1238 1379 1340 1455 Quid

298 1491 468 1590 denique,
498 1493 708 1590 quodcum
742 1492 790 1566 ad
818 1493 1061 1589 aquationem
1091 1503 1242 1566 ventum
1270 1506 1338 1583 est,

297 1605 487 1702 problema
507 1605 721 1702 plerumque
750 1605 994 1679 demonstrari
1017 1629 1090 1678 non
1107 1616 1231 1701 potest
1260 1605 1337 1679 sine

297 1718 419 1815 aliqua
436 1719 629 1792 effectione
645 1717 896 1815 geometrica?
949 1719 1042 1793 Haec
1064 1742 1149 1791 cum
1174 1718 1230 1793 ita
1252 1719 1336 1807 sint,

297 1831 387 1928 quid
410 1854 549 1921 censes,
565 1832 805 1928 geometriam
828 1831 1147 1922 arithmeticam
1163 1831 1261 1906 hanc
1283 1833 1334 1906 illi

298 1943 575 2018 subordinatum
592 1942 697 2017 esse?

346 2055 396 2131 B.
421 2058 501 2153 Ego
518 2080 606 2130 vero
623 2080 811 2153 nunquam
827 2057 992 2131 dubitavi
1003 2056 1091 2154 quin
1101 2057 1335 2134 arithmetica

295 2171 508 2266 geometriae
533 2194 629 2267 pars,
659 2194 729 2244 nec
758 2194 803 2244 ea
828 2195 974 2268 magna,
1004 2182 1111 2244 esset.
1163 2170 1263 2244 Nam
1289 2194 1334 2246 ex

294 2284 457 2358 Euclidis
473 2284 576 2358 libris
592 2307 684 2380 pure
700 2285 946 2380 geometricis,
965 2283 1070 2358 educi
1087 2283 1195 2357 facile
1212 2295 1336 2381 potest

295 2397 544 2480 arithmetica;
559 2419 643 2469 cum
653 2395 737 2469 libri
748 2396 1036 2485 arithmetici,ne
1046 2420 1174 2470 omnes
1184 2398 1335 2494 quidem

297 2510 405 2583 simul
422 2510 484 2605 qui
501 2533 662 2606 unquam
680 2509 808 2606 scripti
825 2522 922 2599 sunt,
940 2521 1004 2583 aut
1021 2533 1112 2605 quos
1131 2512 1334 2607 scriptume

295 2624 554 2712 estWallisius,
562 2623 744 2697 sufficiant
753 2625 800 2697 ad
810 2623 1085 2721 producendam
1096 2625 1334 2700 centesimam

294 2748 437 2833 partem
470 2738 739 2810 theorematum
773 2737 1093 2832 geometricorum,
1125 2761 1208 2834 quae
1235 2763 1334 2813 nunc

294 2849 481 2923 habemus.

345 2963 394 3037 Α.
421 2963 528 3037 Adde
542 2976 580 3037 et
602 2965 685 3054 hoc,
704 2964 802 3061 quod
825 2963 921 3036 sicut
947 2963 1075 3059 regula
1097 2962 1332 3060 alligationis,

293 3090 332 3151 et
350 3077 478 3173 regula
493 3077 587 3166 falsi,
605 3077 657 3150 ita
672 3077 837 3172 regulam
860 3077 1020 3172 algebrae
1043 3099 1155 3149 unam
1181 3100 1261 3151 esse
1288 3101 1333 3152 ex

292 3190 427 3287 regulis
445 3190 696 3264 arithmetica.

341 3303 388 3377 B.
417 3304 491 3376 Sed
509 3303 625 3376 multo
643 3302 713 3375 illis
731 3302 957 3398 ampliorem.

341 3416 391 3490 Α.
418 3415 620 3489 Assentior.
640 3415 813 3512 Sequitur
823 3439 910 3488 usus
921 3414 1329 3515 symbolorum,nempe,

291 3528 506 3617 necessitas,
525 3526 699 3617 brevitas,
716 3527 1181 3625 perspicuitas-Primo,
1198 3530 1329 3628 inquit,

289 3640 527 3714 necessitatis
541 3664 656 3714 causa
666 3668 681 3724 ;
706 3666 785 3713 cum
796 3664 874 3737 pro
891 3665 1038 3712 numero
1056 3639 1178 3713 adhuc
1200 3642 1329 3741 ignoto

289 3753 525 3826 substituitur
560 3752 772 3849 symbolum,
815 3777 879 3825 seu
919 3752 1129 3842 character,
1171 3778 1329 3855 eoasque

290 3866 375 3939 dum
397 3866 480 3964 ipse
504 3865 877 3941 innotescit-Quasi
894 3867 1093 3961 problema,
1118 3867 1219 3963 quod
1245 3869 1328 3942 sub

289 3979 419 4052 stituto
437 3979 602 4074 symbolo
621 4002 686 4052 seu
702 3980 914 4052 charactere
937 3980 1191 4076 investigatur,
1210 3982 1327 4055 inves-

287 4091 398 4187 tigari
411 4116 485 4165 non
503 4105 627 4189 posset
646 4094 724 4168 sine
741 4094 919 4190 symbolo.

338 4205 388 4276 B.
416 4207 474 4277 An
484 4206 634 4301 potest?

338 4316 386 4391 A.
414 4317 541 4392 Quid?
584 4321 643 4394 An
661 4343 731 4393 vox
754 4319 834 4394 haec
860 4304 1025 4417 ignotum
1050 4319 1107 4394 vel
1134 4323 1325 4416 quesitum
