2946 5010
331 388 378 454 32
547 405 817 459 uxnnssntrlo
838 407 890 459 ΕΤ
908 407 1157 461 ΕΜΕΝΒΑΤῙΟ

142 590 291 636 Μθῦῦ
330 581 429 678 quod
452 582 621 679 sabjecta
648 583 812 657 habeant
833 593 871 657 ct
885 584 1083 683 principia
1101 594 1138 658 ct
1155 585 1371 680 qffcctionee

143 673 285 778 ζμ
329 693 549 791 dcmhjecto
564 698 848 771 demmmtrctca.
887 698 1369 795 Assumptipartemunam,

326 831 459 903 nempe
476 810 575 905 quod
591 810 753 884 habeant
776 811 967 908 principia,
996 812 1048 884 sic
1073 813 1228 908 probat;
1248 838 1369 911 punc-

326 929 401 994 tum
431 923 573 1019 quidem
608 924 887 1023 magnitudinis,
919 925 1042 999 auitae
1071 935 1194 999 autem
1227 927 1371 1000 numeri

318 1035 549 1134 principiam
573 1037 684 1136 uulgo
700 1037 936 1137 perhibetur.
989 1038 1142 1111 Censeu’
1161 1050 1204 1112 tu
1220 1063 1368 1134 geome-

326 1159 422 1221 tram
440 1172 529 1234 essc,
547 1151 611 1247 qui
628 1150 729 1249 quod
745 1151 901 1247 probare
920 1150 1059 1239 debuit,
1078 1152 1124 1223 ab
1142 1152 1367 1227 authoritate

324 1261 458 1356 probat
475 1263 604 1360 vulgi?

374 1371 423 1447 B.
449 1375 644 1449 Peccatum
661 1376 781 1449 fateor
798 1387 865 1463 est,
883 1399 953 1448 nec
970 1399 1135 1470 parvum.

375 1487 424 1561 A.
451 1489 588 1562 Demus
602 1501 725 1562 autem
739 1489 772 1562 ei
783 1489 871 1561 satis
885 1488 955 1561 hoc
967 1488 1259 1562 demonstratum
1273 1514 1364 1564 esse.

323 1600 384 1673 An
400 1614 628 1698 geometram
645 1626 724 1675 esse
742 1601 853 1690 dices,
871 1603 946 1697 qui,
969 1625 1053 1674 cum
1071 1603 1311 1697 geometriam
1328 1613 1366 1677 et

323 1714 592 1789 arithmeticam
619 1715 800 1813 principia
825 1715 961 1788 habere
982 1715 1177 1788 ostendere
1201 1715 1363 1806 deberet,
1458 1764 1461 1769 ·

324 1850 371 1901 ex
388 1852 432 1902 eo
449 1831 582 1925 probat
599 1829 698 1926 quod
714 1842 893 1925 punctum
912 1839 966 1900 est
983 1829 1204 1925 principium
1222 1831 1365 1926 magni-

323 1941 475 2032 tudiniS,
502 1956 540 2017 et
566 1944 688 2017 unitas
711 1941 879 2016 numeri?
931 1941 1158 2036 Intelligisne
1180 1943 1363 2037 quomodo

322 2068 500 2151 punctum
516 2057 737 2154 principium
755 2080 833 2129 esse
850 2065 975 2151 potest
991 2054 1229 2152 geometriae?

370 2168 420 2242 B.
447 2170 559 2243 Nullo
577 2170 699 2243 modo.

371 2281 421 2354 Α.
448 2282 524 2354 Aut
540 2282 662 2355 unitas
679 2279 946 2354 arithmeticae?

370 2393 419 2466 B.
445 2394 690 2467 Tantundem.

371 2505 420 2581 A.
448 2506 525 2580 Aut
542 2507 697 2580 eandem
713 2529 790 2579 rem
813 2529 893 2579 esse
910 2506 1202 2602 magnitudinem
1220 2520 1257 2583 et
1273 2533 1362 2607 geo-

319 2617 515 2691 metriam?
567 2621 642 2694 Aut
660 2642 853 2693 numerum
871 2632 909 2692 et
927 2619 1223 2693 arithmeticam?

368 2731 418 2807 B.
443 2731 574 2829 AEque.

369 2845 420 2918 A.
445 2848 523 2918 Aut
549 2846 677 2942 puncti
705 2844 955 2918 definitionem
983 2855 1021 2918 et
1042 2857 1221 2942 punctum
1241 2847 1360 2943 ipsum

318 2982 396 3032 esse
413 2959 538 3033 idem?

366 3074 417 3147 B.
445 3072 545 3149 Quid
562 3084 604 3146 tu
621 3071 699 3144 haec
717 3083 794 3145 tam
813 3072 972 3145 absurda
989 3097 1012 3144 a
1028 3096 1087 3145 me
1106 3074 1266 3168 quaeris?

368 3186 416 3259 Α.
445 3185 573 3262 Quid?
600 3186 670 3259 nisi
696 3198 739 3259 ut
766 3185 855 3259 mihi
878 3185 979 3259 dicas
1007 3187 1124 3259 sicubi
1152 3190 1358 3283 argumenti

315 3299 424 3396 hujus
441 3301 516 3372 vim
533 3300 648 3373 latere
666 3300 814 3372 sentias.

364 3414 414 3488 B.
442 3414 572 3489 Dicam
591 3413 689 3511 quod
707 3413 847 3498 seuti03
874 3436 1007 3510 nempe
1025 3413 1145 3485 fraudi
1164 3414 1217 3485 illi
1233 3414 1356 3504 fuisse,

314 3529 414 3622 quod
441 3552 526 3601 cum
550 3552 622 3601 vox
642 3537 820 3625 puuctum
843 3527 1065 3623 principium
1092 3528 1141 3599 sit
1166 3526 1251 3600 libri
1274 3529 1356 3600 Ele-

312 3654 522 3715 mentorum
549 3641 768 3715 Geometriae
788 3640 963 3729 EuclidiS,
992 3639 1121 3712 habuit
1147 3639 1266 3734 ipsum
1289 3665 1355 3737 pro

312 3754 493 3852 principio
519 3755 743 3852 geometriae,
771 3754 993 3850 pariterque,
1023 3752 1110 3846 quia
1134 3776 1207 3825 vox
1229 3754 1355 3826 unitas

312 3869 431 3965 prima
460 3880 516 3941 est
543 3869 581 3941 in
608 3867 710 3941 libris
739 3866 901 3963 ejusdem
929 3865 1182 3955 arithmeticiS,
1212 3867 1356 3961 putavit

312 3981 494 4055 unitatem
527 3982 750 4079 principium
788 4003 866 4053 csse
901 3979 1065 4051 scientiae
1100 3979 1352 4052 arithmeticae.

312 4092 431 4167 Miror
454 4119 540 4168 sane
563 4096 750 4169 hominem
773 4091 1057 4187 Peripateticum
1081 4091 1175 4165 adeo
1200 4093 1355 4165 oblitum

311 4206 422 4281 fuisse
446 4209 654 4282 Aristotelis
677 4208 744 4295 sui,
771 4218 813 4278 ut
840 4228 912 4277 nou
942 4205 1153 4277 meminerit
1174 4205 1354 4301 principia

312 4321 385 4396 alia
398 4346 488 4412 esse,
499 4334 541 4395 ut
555 4345 622 4395 nos
635 4320 830 4418 loquimur,
844 4318 1000 4408 essendi,
1016 4317 1088 4390 alia
1098 4317 1352 4415 cognoscendi.
