2946 5010
304 386 354 454 20
519 398 787 452 exantlatum
807 399 858 451 nr
877 397 1128 451 nunnnamo

117 591 268 635 maroam
309 564 526 640 Orationem
540 575 684 640 tractat
699 566 840 640 manica
853 565 1137 639 aliarum-An
1150 575 1193 636 ut
1203 562 1341 635 oratio·

120 673 263 777 »ζ’-α

304 703 396 769 nem,
420 703 468 752 an
490 692 533 753 ut
556 679 712 753 sonum?
765 679 818 752 Ut
839 701 969 751 sonum
999 688 1109 764 certe,
1140 675 1257 772 qualis
1287 686 1344 749 est

304 791 444 864 musica
459 791 657 876 hodierna;
684 814 893 888 quanquam
916 790 987 863 hoc
1017 788 1174 863 fortasse
1204 788 1342 862 rectius

304 902 409 993 dixit,
424 928 535 1000 quam
548 905 673 978 sensit.
718 904 815 976 Nam
828 903 1030 999 antiquitus
1044 913 1123 975 tum
1136 901 1249 974 verba
1263 914 1342 974 tum

303 1016 433 1090 modos
462 1041 681 1114 componere
710 1016 874 1113 ejusdem
904 1027 984 1088 erat
1014 1016 1102 1088 artis
1129 1016 1344 1089 musicae.—

302 1128 430 1202 Mota
447 1140 569 1203 autem
589 1141 627 1204 et
649 1130 798 1228 pondua
825 1129 863 1202 ia
885 1128 1106 1202 mechanicis
1125 1129 1343 1226 presertim

302 1240 777 1319 considerantur.-Quid?
828 1242 888 1314 An
914 1241 1118 1315 mechanici
1142 1265 1233 1337 opus
1262 1264 1342 1315 esse

301 1365 409 1451 putat
423 1355 711 1429 demontrant
754 1354 823 1427 Vel
840 1365 962 1427 motus
980 1365 1017 1427 et
1033 1353 1206 1449 ponderis
1222 1352 1342 1427 nullas

301 1491 381 1541 esse
405 1469 571 1565 proprias
593 1469 781 1565 passiones
798 1492 881 1564 quae
899 1467 1142 1540 demonstrari
1160 1467 1340 1562 possunt?

302 1584 395 1659 Quis
421 1586 539 1659 nescit
569 1587 704 1675 omnia,
735 1608 816 1681 quae
846 1596 948 1658 recte
977 1583 1068 1657 facit
1095 1584 1340 1660 mechanicus,

300 1696 381 1770 fieri
411 1720 455 1770 ex
482 1699 696 1794 praescripto
724 1709 763 1770 et
790 1697 992 1771 secundnm
1021 1697 1167 1793 regulas
1200 1697 1341 1770 mathe-

300 1808 551 1883 maticorum?
603 1809 857 1883 Mathematici
891 1833 980 1905 ergo
1013 1820 1082 1898 est,
1115 1821 1159 1882 ut
1187 1809 1342 1882 aliarum

300 1923 560 2018 quantitatum,
587 1921 640 1995 ita
669 1922 779 1996 etiam
802 1933 968 1994 motuum
991 1933 1029 1995 et
1056 1920 1261 2018 ponderum
1285 1946 1340 1994 ra·

301 2036 419 2109 tiones
454 2036 717 2109 demonstrare.
786 2034 899 2108 Vides
929 2035 1041 2132 igitur
1075 2058 1185 2131 quam
1219 2058 1342 2108 crassa

299 2148 380 2222 haec
397 2160 483 2222 sunt
494 2148 650 2222 Wallisii
666 2147 894 2244 professoris,
910 2159 948 2220 et
964 2147 1011 2219 ab
1029 2160 1341 2242 apretiata-apaan

299 2261 429 2334 aliena.
481 2260 554 2333 Sed
581 2260 785 2333 doctrinam
814 2260 1000 2333 rationum
1028 2283 1174 2333 omnem
1203 2259 1340 2333 fatetur

299 2373 603 2447 considerationis
629 2396 708 2446 esse
737 2373 797 2446 vel
819 2373 1075 2462 arithmeticae,
1105 2371 1165 2445 vel
1191 2396 1340 2469 geome-

300 2488 429 2570 tricae;
455 2510 575 2583 neque
596 2487 726 2575 nescit,
753 2486 875 2575 credo,
904 2487 992 2583 ipsis
1021 2487 1225 2560 rationibus
1256 2510 1340 2560 suas

299 2624 377 2673 esse
396 2610 516 2673 certas
534 2600 782 2695 quantitates:
809 2623 896 2672 nam
914 2624 988 2673 una
1012 2601 1107 2673 ratio
1134 2601 1252 2696 major
1268 2599 1340 2671 alia

298 2714 356 2786 vel
373 2714 493 2786 minor
516 2737 593 2786 esse
617 2723 748 2808 potest.
809 2714 876 2786 Est
910 2737 998 2810 ergo
1031 2714 1125 2786 ratio
1153 2713 1339 2809 quantitas

297 2826 446 2923 proprie
464 2825 574 2915 dicta,
588 2826 698 2898 etiam
716 2848 762 2897 ex
775 2824 943 2898 doctrina
959 2827 1065 2899 illius.
1103 2825 1340 2922 Respondeat

298 2940 388 3012 mihi
401 2940 492 3036 jam,
508 2953 633 3011 utrum
650 2962 823 3011 numerus
841 2939 889 3011 sit
905 2939 1012 3011 ratio.
1048 2938 1220 3034 Negabit,
1234 2952 1338 3035 puto.

300 3053 374 3128 uui
398 3055 441 3125 fit
464 3076 564 3149 ergo,
590 3062 632 3124 ut
655 3062 836 3124 tractetur
858 3053 898 3124 in
925 3051 1167 3139 arithmetica,
1193 3062 1231 3124 et
1261 3054 1339 3126 sola

298 3166 457 3263 quidem,
476 3177 519 3239 ut
536 3165 597 3238 ille
611 3165 715 3238 vult?
755 3165 906 3250 Rursus
920 3179 1045 3238 utrum
1059 3165 1153 3238 ratio
1167 3166 1213 3238 sit
1230 3164 1338 3253 linea,

296 3280 356 3353 vel
385 3279 604 3375 superficies,
628 3278 686 3350 vel
717 3276 886 3351 solidum.
946 3279 1048 3351 Nihil
1078 3279 1221 3351 horum.
1268 3279 1337 3352 Vel

298 3392 485 3489 quantitas
515 3391 701 3480 continua,
719 3390 777 3463 vel
800 3391 970 3465 discreta.
1024 3391 1204 3464 Neutrum
1228 3390 1336 3465 dicet.

299 3506 373 3581 Qui
392 3506 435 3578 fit
451 3529 551 3601 ergo,
568 3516 611 3577 ut
628 3514 809 3577 tractetur
826 3504 865 3576 in
882 3528 974 3600 pure
992 3504 1287 3578 mathematicis?

346 3618 396 3692 B.
424 3617 464 3690 Si
498 3618 605 3706 ratic,
635 3640 755 3712 neque
785 3617 960 3690 continua
989 3616 1187 3712 quantitas,
1217 3642 1338 3715 neque

297 3729 456 3804 discreta
472 3730 533 3822 sit,
554 3754 631 3804 non
647 3730 792 3804 videtur
809 3730 939 3804 saltem
962 3730 1050 3803 mihi
1079 3730 1229 3803 omnino
1259 3755 1337 3805 esse

297 3845 495 3939 quantitas.

345 3953 392 4028 A.
420 3956 519 4030 Quid
538 3956 614 4030 ita?
664 3957 703 4031 Si
721 3958 802 4053 quis
819 3957 1064 4054 quantitatem
1086 3980 1232 4030 omnem
1253 3981 1337 4028 con-

295 4067 433 4140 tinuum
446 4070 504 4142 vel
522 4094 591 4142 noa
608 4072 816 4144 continuam
833 4094 912 4143 esse
927 4068 1077 4159 diceret,
1090 4069 1336 4142 necessarium

295 4177 433 4253 faceret
450 4192 491 4254 ut
516 4184 635 4256 omnis
656 4184 841 4280 quantitas
869 4183 1045 4256 alterutra
1073 4206 1198 4256 earum
1226 4195 1334 4255 esset.

298 4291 371 4367 Sed
396 4317 471 4367 non
499 4294 598 4369 idem
619 4298 785 4394 sequitur
807 4321 853 4370 ex
875 4296 1051 4372 divisione
1072 4296 1110 4368 in
1128 4295 1336 4368 continuam
