2946 5010
289 351 362 418 288
607 367 661 420 nn
681 367 851 420 nnrnnn
869 367 1006 420 rums.

337 532 387 606 A.
413 533 470 605 Ex
486 533 565 630 ipsa
580 533 721 608 videbis
739 533 960 608 refutatione
977 559 1060 628 qnae
1078 533 1255 630 sequitur.

339 649 363 683 “
378 645 529 719 Summa
559 647 742 722 dictorum
770 647 808 721 in
839 646 1212 744 pseudodiplasiasmo
1244 648 1331 721 cubi

287 781 440 854 nupero,
455 760 617 833 rescissis
635 785 717 858 quae
735 772 815 834 tum
832 761 870 834 iu
888 760 1073 833 schemate
1091 774 1170 833 tum
1187 759 1225 833 in
1240 785 1326 835 cou-

287 871 548 945 structiouibus
567 886 653 947 suut
669 874 864 970 superflua,
881 872 960 945 haec
978 887 1045 945 est.

337 988 360 1022 “
371 984 547 1080 Exposita
559 986 632 1060 AD
644 986 769 1061 recta*
781 985 1017 1059 continuetur
1030 984 1077 1058 ad
1087 985 1132 1074 V,
1142 997 1184 1058 ut
1201 986 1249 1058 sit
1260 984 1329 1057 DV

287 1096 428 1170 semissi
458 1110 570 1173 rectae
595 1099 668 1172 AD
699 1099 860 1195 aequalis
913 1098 1049 1171 Centro
1077 1098 1122 1186 A,
1154 1097 1329 1171 distantia

285 1209 372 1299 AD,
391 1211 573 1285 scribatur
589 1212 663 1285 DO
682 1211 808 1285 circuli
828 1210 1024 1307 quadrans,
1035 1210 1194 1282 bisectus
1211 1210 1250 1283 in
1269 1212 1327 1294 03

286 1333 326 1397 et
354 1324 421 1398 QS
450 1336 562 1397 rectae
589 1325 662 1398 AD
689 1324 1011 1422 perpendicularis.
1064 1323 1210 1397 Bisecta
1239 1348 1326 1397 vero

287 1435 352 1509 SD
370 1436 409 1509 in
426 1437 468 1524 T,
484 1449 611 1511 centro
625 1438 668 1526 T,
686 1437 841 1511 ducatur
859 1460 926 1534 per
942 1436 976 1506 V
993 1436 1150 1509 circulus
1164 1437 1324 1510 VXYZ.

286 1547 354 1621 Cui
372 1562 543 1623 occurrat
556 1550 645 1638 DX,
659 1562 771 1623 rectae
786 1549 861 1623 AD
879 1547 1204 1645 perpendicularis,
1218 1549 1256 1621 in
1270 1550 1323 1622 X:

284 1660 485 1734 ADinY:
513 1676 552 1736 et
570 1663 639 1749 QS
658 1663 695 1735 in
714 1665 753 1736 Z.

335 1775 540 1848 “Affirmat
563 1787 684 1849 rectas
701 1775 785 1863 DY,
809 1775 898 1864 DX,
922 1774 1061 1848 medias
1075 1797 1154 1847 esse
1171 1800 1324 1873 propor-

284 1885 439 1961 tionales
457 1887 556 1962 iuter
572 1889 645 1962 DA
663 1900 701 1962 et
719 1888 803 1962 DV.
856 1888 968 1963 Quod
993 1888 1046 1963 sic
1071 1900 1227 1962 conatur
1261 1889 1324 1963 de-

284 2012 500 2074 monstrare.

334 2114 503 2188 “Ductis
527 2115 639 2189 rectis
667 2116 755 2207 VX,
773 2114 861 2201 XY,
879 2115 950 2188 erit
975 2115 1131 2212 angulus
1148 2115 1263 2189 VXY
1285 2116 1322 2189 iu

282 2226 511 2301 semicirculo
542 2240 688 2301 rectus:
724 2228 906 2323 ductaque
929 2227 1003 2300 XT
1030 2239 1068 2301 et
1095 2227 1321 2317 continuata,

281 2352 433 2438 propter
451 2340 627 2414 bisectam
646 2340 711 2414 SD
733 2342 771 2415 in
788 2341 831 2430 T,
858 2350 1026 2414 occurret
1052 2341 1189 2414 circulo
1216 2341 1255 2414 in
1281 2343 1322 2414 Z.

283 2452 461 2548 Adeoque
480 2453 593 2526 ducta
609 2454 686 2540 YZ,
705 2454 774 2527 erit
794 2454 949 2551 angulus
967 2453 1076 2526 XYZ
1101 2454 1139 2526 in
1163 2455 1324 2528 semicir-

283 2566 367 2639 culo
386 2579 532 2639 rectus:
561 2567 711 2662 ipsaque
729 2567 796 2639 YZ
818 2579 927 2640 rectae
945 2567 1020 2638 XV
1037 2567 1222 2662 parallelo.

333 2678 597 2751 “Producatur
623 2679 699 2751 XD
724 2680 771 2751 ad
796 2681 836 2768 P,
865 2690 908 2752 ut
934 2680 982 2752 sit
1010 2680 1079 2751 DP
1112 2691 1223 2752 rectae
1250 2682 1321 2754 AD

281 2790 443 2886 aequalis.
471 2791 509 2862 Si
528 2791 651 2885 itaque
665 2792 732 2863 YZ
749 2792 929 2886 producta
941 2803 1051 2865 rectae
1070 2794 1136 2865 PD
1152 2809 1323 2867 occurrat

280 2902 318 2973 in
336 2916 475 2996 puncto
495 2903 533 2990 P,
547 2914 655 2976 erunt
673 2904 838 3000 (propter
856 2905 988 2976 similia
1006 2905 1190 3000 triangula
1204 2907 1320 2995 PDY,

193 3074 194 3078 ,
279 3015 406 3102 YDX,
425 3016 555 3108 XDV)
582 3029 692 3088 rectae
711 3018 790 3107 DP,
815 3017 900 3105 DY,
930 3017 1017 3105 DX,
1047 3018 1120 3089 DV
1147 3019 1321 3092 continue

278 3129 583 3225 proportionales
636 3131 684 3202 Et
714 3141 980 3225 consequenter
1015 3131 1181 3226 (propter
1208 3134 1320 3205 cubos

278 3242 316 3315 in
347 3243 490 3315 ratione
519 3243 674 3315 laterum
708 3244 907 3339 triplicata)
941 3244 1057 3315 cubus
1086 3244 1211 3317 lateris
1247 3246 1321 3317 DY

278 3356 480 3451 subduplus
504 3356 589 3429 cubi
612 3356 737 3429 lateris
761 3356 828 3429 DP
854 3356 930 3428 sive
954 3356 1039 3429 DA.
1091 3357 1211 3452 Atque
1235 3358 1321 3431 hac·

278 3481 385 3542 tenus
403 3480 515 3541 recte.

327 3583 520 3654 “Rectam
544 3592 668 3655 autem
685 3582 752 3653 YZ
780 3582 1029 3655 continuatam
1058 3596 1196 3678 puncto
1215 3586 1318 3658 Poc-

276 3718 436 3783 currere,
454 3695 610 3791 probare
627 3695 765 3767 frustra
782 3695 986 3767 contendit.

327 3809 482 3880 “Ducta
500 3808 578 3894 PV,
597 3819 634 3881 et
658 3808 797 3880 bisecta
821 3808 859 3880 in
878 3833 914 3896 α,
946 3808 1104 3881 ducatur
1128 3808 1181 3881 ab
1207 3821 1317 3882 rectae

275 3920 349 3993 DY
365 3921 550 4016 parallela,
575 3932 686 3994 rectae
705 3921 772 3993 DP
792 3945 987 3993 occurrens
1007 3922 1044 3993 in
1064 3948 1106 3994 c:
1134 3937 1317 4019 rectaeque

275 4032 329 4104 ab
359 4032 671 4130 perpendicularis
703 4032 778 4105 Τά.
831 4033 977 4106 Bisecta
1007 4058 1093 4107 vero
1125 4035 1178 4108 dc
1208 4036 1247 4106 in
1273 4061 1316 4131 g,

473 4282 491 4314 ⁴*
514 4282 589 4340 Vide
605 4281 742 4356 Figuram
758 4280 805 4337 De
818 4280 1011 4357 duplicatione
1026 4281 1104 4340 Cubi.
