2946 5010
358 417 672 472 uarnnnnrrcra
692 406 941 471 nonrunnn.
1116 397 1165 478 47

123 590 177 664 illi
195 570 294 664 esset
310 613 418 663 unum
433 612 513 663 esse
530 612 735 677 numerum,
759 589 830 663 hoc
847 601 993 663 tantum
1010 587 1166 684 probare
1203 608 1352 650 antonus

123 713 279 778 conatus
296 714 365 793 est,
386 703 577 802 quosdam,
600 702 663 800 qui
680 714 811 777 contra
827 703 1002 793 sentiunt,
1019 710 1167 776 senten·
1206 690 1347 797 „¹2-

123 816 216 890 tiam
232 839 336 890 suam
354 840 429 891 non
447 815 538 889 satis
554 813 835 888 demonstrasse.

177 929 225 1003 B.
252 928 364 1005 Quod
387 953 502 1002 unum
525 928 574 1002 sit
589 949 764 1001 numerus
788 926 1057 1002 demonstrabit
1072 925 1167 1001 forte

123 1045 292 1120 inferius.

177 1158 227 1234 Α.
256 1159 356 1232 Bene
372 1166 440 1233 est.
490 1156 834 1254 Pergamus—Sed
847 1180 990 1248 revera,
1008 1156 1044 1230 εἰ
1060 1181 1168 1230 accu-

123 1279 213 1345 rate
230 1269 332 1368 loqui
347 1268 509 1360 velim,
535 1294 607 1344 non
635 1277 710 1342 tam
732 1269 856 1343 unitos
875 1294 986 1368 quam
1001 1267 1168 1358 anilitas,

124 1385 162 1458 a·
179 1385 236 1459 ita
253 1383 354 1482 loqui
367 1382 493 1473 liceat,
510 1408 574 1455 aee
586 1381 737 1472 nullum,
753 1382 851 1457 idem
862 1391 1033 1481 respectu
1049 1406 1168 1455 neow-

124 1520 253 1570 rorum
281 1495 432 1587 obtinet,
459 1496 562 1594 quod
579 1506 760 1594 punctum
790 1505 961 1595 respecta
986 1494 1169 1595 magalia

126 1609 241 1684 dicia.

179 1722 229 1796 B.
256 1720 401 1794 Nollem
425 1722 496 1796 hoc
519 1720 683 1795 dixisset.
735 1720 833 1795 Nam
850 1745 934 1795 cum
956 1723 1002 1796 ab
1021 1721 1169 1795 Hobbio

125 1836 339 1933 culparetur
350 1834 449 1932 quod
461 1845 640 1932 punctum
654 1834 797 1908 dixerat
810 1858 888 1909 esse
900 1834 1005 1925 nihil,
1021 1834 1170 1931 negavit

126 1948 232 2023 seita
243 1948 410 2022 sensisse.
461 1948 572 2022 Nunc
582 1960 706 2023 tamen
720 1948 818 2021 idem
828 1948 917 2022 dicit
930 1947 1168 2044 apertissime.

127 2062 222 2136 Cum
239 2061 337 2136 enim
354 2062 404 2135 sit
421 2073 463 2135 ut
479 2060 619 2136 nollem
638 2061 686 2134 ad
704 2085 899 2152 numerum,
924 2062 978 2135 ita
997 2068 1170 2159 punctum

126 2175 177 2250 ad
206 2173 506 2274 magnitudinem,
534 2175 778 2248 certissimum
807 2187 864 2249 est
885 2183 1064 2271 punctum
1092 2195 1170 2246 esse

127 2287 233 2363 nihil.

179 2400 230 2475 A,
256 2399 354 2476 lllud
370 2423 515 2498 quoque
529 2400 696 2498 ineptum
709 2413 778 2493 est,
796 2399 992 2499 quodcum
1008 2400 1047 2473 in
1064 2424 1172 2497 prox·

128 2513 202 2588 ime
216 2511 511 2611 praecedentibus
527 2512 755 2590 distinxisset
771 2514 949 2590 unitatem
966 2514 1012 2587 ab
1031 2537 1113 2602 uno,
1130 2524 1173 2586 ut

128 2649 200 2700 non
216 2649 402 2699 numerum
418 2650 441 2699 a
457 2650 618 2717 nummo,
635 2653 735 2702 nunc
753 2652 838 2702 cum
854 2625 952 2701 nullo
971 2625 1173 2701 confundat

128 2736 348 2813 nuditatem.
402 2738 571 2814 Hoccine
601 2752 659 2816 est
692 2742 791 2840 loqui
825 2739 1024 2815 accurate?
1075 2740 1173 2814 Prae-

129 2865 244 2943 tereu,
262 2877 347 2928 cum
365 2853 530 2946 dixisset,
554 2855 590 2928 εἰ
606 2864 783 2930 accurate
802 2852 903 2953 loqui
919 2853 1082 2941 cellmua,
1107 2875 1174 2926 cur

129 2965 257 3040 statim
283 2964 389 3041 addit
418 2966 454 3040 ai
483 2966 551 3058 ita,
583 2967 718 3054 idest,
751 2991 827 3041 non
857 2979 1041 3057 accurate,
1073 2965 1175 3064 loqui

129 3077 276 3153 liceat?
327 3079 386 3152 An
403 3079 530 3154 scribit
542 3078 753 3155 dormiens?
806 3079 880 3153 Sed
895 3077 1175 3176 progredior.—

131 3192 186 3265 At
203 3190 662 3290 interrogabitursoraan,
675 3185 758 3266 num
771 3190 880 3265 celim
892 3216 964 3291 ego
974 3216 1000 3264 a
1012 3199 1175 3264 ceterum

123 3305 278 3402 puriter
289 3313 328 3377 et
339 3304 586 3378 recentiorum
602 3303 757 3377 omnium
772 3303 957 3376 cententio
972 3302 1174 3391 discedere,

130 3417 196 3515 qui
221 3441 293 3490 uno
319 3439 385 3489 ore
411 3415 591 3490 unitatem
616 3425 747 3490 coeant
772 3414 998 3515 principium
1019 3412 1173 3487 numeri.

131 3527 362 3629 Respondeo,
392 3527 489 3602 nihil
516 3527 673 3602 absurdi
699 3552 782 3602 eoae
811 3529 992 3624 majorum
1018 3524 1175 3600 inventia

132 3641 433 3718 addere—Vide
452 3651 600 3739 captum
616 3642 776 3716 hominis
792 3639 1055 3716 mathematici.
1094 3640 1176 3713 Ma-

133 3754 419 3830 thematicorum
446 3777 524 3829 esse
549 3766 657 3852 putat
679 3754 812 3829 docere
839 3778 885 3827 an
908 3776 1024 3826 unum
1046 3753 1095 3825 sit
1111 3777 1176 3826 ro-

134 3866 274 3942 candus
292 3889 492 3952 numerus;
518 3868 622 3965 quasi
645 3892 720 3941 non
746 3867 847 3963 vulgi
874 3877 972 3939 esset
989 3865 1175 3962 impositio

134 3981 338 4071 nominum,
370 3992 436 4054 aut
464 3981 618 4078 quilibet
648 4005 668 4054 e
695 3980 806 4077 vulgo
833 4003 908 4054 non
935 4002 1039 4077 aeque
1067 3981 1177 4054 sciret

133 4105 244 4193 atque
271 4092 413 4167 centies
436 4093 534 4166 mille
559 4092 771 4191 peritissimi
792 4092 1028 4183 arithmetici,
1052 4104 1178 4167 utrum

132 4230 248 4282 unum
263 4208 314 4282 sit
331 4229 504 4280 numerus
518 4231 647 4296 necne,
665 4206 704 4280 id
721 4217 789 4295 est,
802 4208 911 4303 juxta
927 4206 1179 4281 definitionem

133 4320 311 4411 Euclidis,
327 4331 454 4395 utrum
466 4319 577 4395 homo
595 4320 643 4395 sit
659 4319 827 4395 homines
843 4344 970 4396 necne.
1023 4321 1180 4394 Mirarer
