2946 5010
319 380 387 445 140
531 391 800 443 axmurunrro
821 390 873 442 ur
892 388 1140 441 aunuuarro

125 585 276 626 antonus
316 581 361 629 ex
389 556 696 653 multiplicatione
729 557 877 629 termini
905 556 1046 628 minimi
1076 556 1122 643 A,
1142 554 1259 651 primo
1288 578 1357 650 per

130 666 273 770 :L

316 671 621 766 multiplicantem
655 694 886 744 communem
903 671 984 754 ·M;
1011 680 1049 742 et
1076 667 1260 764 deinceps,
1289 691 1357 763 per

314 784 429 880 ipsius
447 784 724 880 multiplicantis
741 794 940 880 potestates
958 782 1085 855 ordine
1103 781 1356 870 ascendentes,

314 894 1356 992 nempe,perMMquadratum,MMMcubum,MMMM

316 1010 494 1105 quadrato
512 1011 743 1104 quadratum,
763 1023 834 1082 etc.

368 1122 416 1195 B.
443 1122 573 1196 Video.

365 1237 414 1309 Α.
444 1237 492 1309 Et
510 1261 587 1310 esse
606 1248 695 1332 quot
712 1236 861 1309 termini
877 1246 934 1310 tot
945 1244 1145 1331 potestates
1156 1233 1357 1306 ascenden-

315 1361 383 1434 tes,
402 1350 559 1445 demptis
575 1349 738 1433 duabus3
766 1373 850 1421 nam
869 1349 910 1421 M
929 1374 1003 1421 non
1022 1360 1078 1421 est
1102 1359 1279 1443 potestas,
1293 1345 1359 1418 sed

317 1461 433 1535 radix.
486 1462 812 1560 Multiplicationes
830 1476 953 1535 autem
971 1473 1029 1535 tot
1046 1472 1132 1534 sunt
1149 1472 1241 1557 quot
1258 1472 1357 1544 sunt,

317 1573 466 1670 dempto
483 1599 571 1662 uno,
590 1576 659 1671 ipsi
677 1575 835 1647 termini.
886 1576 971 1648 Jam
988 1574 1082 1646 datis
1109 1572 1251 1646 duobus
1274 1585 1357 1645 tan-

317 1698 395 1759 tum
416 1688 582 1760 terminis
600 1689 738 1784 primiS,
758 1687 866 1760 datur
883 1687 937 1775 M,
955 1687 1141 1774 nimirum,
1160 1684 1357 1758 dividendo

318 1799 429 1895 Bper
447 1800 493 1872 Α.
547 1801 735 1875 Quaeritur
758 1811 893 1887 autem,
911 1799 1014 1872 verbi
1030 1799 1162 1894 gratia,
1176 1799 1356 1871 terminus

315 1926 401 2007 post
427 1914 461 1985 A
487 1927 648 2009 quartus.
702 1913 828 1985 Scribe
856 1913 896 1984 M
922 1922 1064 2008 quater,
1095 1924 1137 1984 ut
1155 1911 1356 1984 MMMM.

318 2024 416 2098 Quia
433 2049 520 2121 ergo
539 2026 648 2098 datur
658 2026 712 2115 M,
728 2025 836 2099 datur
847 2049 992 2121 quoque
1010 2024 1210 2097 MMMM.
1239 2026 1358 2097 Datur

318 2149 439 2210 autem
466 2150 503 2210 et
534 2140 579 2211 A.
631 2139 749 2212 Datur
784 2162 872 2233 ergo
907 2137 1147 2226 MMMMA,
1178 2138 1357 2211 terminus

319 2254 504 2345 quaesitus,
523 2277 665 2349 nempe,
689 2265 839 2347 quartus
867 2252 1076 2347 incipiendo
1093 2276 1115 2325 a
1134 2252 1176 2324 B.
1230 2252 1358 2326 Multi-

318 2364 533 2460 plicationes
547 2367 644 2438 enim
658 2389 733 2438 una
746 2365 935 2461 pauciores
950 2377 1037 2438 sunt
1062 2389 1170 2461 quam
1197 2366 1358 2438 termini.

368 2477 417 2548 B.
444 2478 578 2550 Teneo.
632 2479 680 2550 Et
704 2480 883 2575 siquidem
901 2479 1079 2551 terminus
1107 2477 1356 2574 postularetur

320 2591 551 2678 centesimus,
573 2591 723 2664 deberet
741 2593 781 2664 M
800 2591 1037 2686 multiplicari
1064 2592 1101 2661 in
1131 2613 1170 2662 se
1198 2613 1359 2686 nonage-

319 2703 389 2774 sies
417 2705 554 2793 novies,
575 2718 611 2776 et
638 2704 839 2800 productus
870 2705 908 2775 in
926 2706 971 2792 A,
990 2715 1031 2777 nt
1059 2703 1257 2775 haberetur
1286 2714 1359 2776 ter-

319 2816 439 2888 minus
458 2818 689 2889 centesimus.

371 2929 418 2999 A.
447 2930 505 3001 Ita
523 2944 590 3003 est.
644 2931 717 3003 Sed
729 2931 833 3002 labor
851 2929 1040 3024 aliquanto
1059 2929 1178 3000 minor
1195 2928 1279 3015 erit,
1297 2928 1360 3000 ubi

318 3040 425 3114 multi
457 3055 543 3116 sunt
573 3042 837 3140 progressionis
866 3042 1024 3129 termini,
1042 3043 1072 3113 si
1101 3040 1360 3136 multiplicatio

318 3156 382 3228 fiat
399 3179 465 3251 per
487 3169 689 3252 potestates
719 3155 879 3227 altiores
933 3155 1029 3226 Nam
1055 3155 1086 3226 si
1112 3154 1360 3250 multiplicans

318 3266 364 3340 sit
392 3277 426 3355 3,
457 3283 615 3342 nonest
645 3292 792 3342 neeesse
822 3267 1032 3340 ascendenti
1060 3266 1107 3339 ad
1139 3267 1359 3355 cubiculum,

318 3380 661 3475 multiplicationem
697 3381 858 3476 incipere
893 3406 915 3453 a
950 3391 994 3452 3:
1033 3403 1228 3476 possumus
1263 3381 1361 3453 enim

318 3495 513 3589 inciperea
531 3497 623 3569 cubo
642 3496 720 3590 ejus
734 3501 794 3583 27,
812 3494 870 3565 vel
888 3495 933 3565 ab
952 3489 1023 3565 alia
1037 3493 1167 3565 altiore
1178 3505 1360 3588 potestate

319 3609 479 3702 cognita.

368 3722 417 3791 B.
448 3721 521 3793 Sed
545 3744 610 3793 cur
627 3734 667 3792 tu
689 3745 757 3815 pro
784 3720 1050 3814 multiplicante
1076 3719 1183 3814 ponis
1207 3720 1261 3809 M,
1278 3745 1360 3793 cum

318 3833 504 3906 Wallisius
521 3846 634 3930 ponat
651 3835 786 3929 ubique
801 3833 858 3906 R?

368 3947 416 4017 A.
445 3948 487 4019 In
501 3972 612 4020 causa
630 3957 729 4020 certe
746 3971 821 4019 non
840 3959 896 4019 est
914 3945 1013 4042 quod
1030 3946 1143 4018 libeat
1154 3946 1200 4017 ab
1215 3944 1279 4016 illo
1291 3945 1360 4016 dis·

319 4059 460 4147 sentiri,
479 4061 543 4133 scd
564 4085 610 4132 ne
638 4060 739 4147 alios,
759 4070 800 4131 nt
828 4059 899 4147 ille,
919 4059 1090 4132 inducam
1119 4059 1157 4130 in
1183 4081 1356 4130 errorem.

319 4175 398 4269 Ego
414 4178 510 4248 enim
524 4203 620 4272 pono
636 4178 689 4266 M,
704 4176 847 4249 literam
862 4175 1147 4272 multiplicantia
1159 4175 1356 4247 initialem:

320 4287 379 4359 ille
394 4289 437 4379 R,
457 4290 599 4363 literam
614 4290 791 4364 initialem
810 4289 980 4362 rationis.
1022 4291 1117 4362 Nam
1132 4289 1169 4361 in
1190 4311 1357 4383 progres-
