2946 5010
439 384 493 436 nu
513 385 683 439 unauna
701 385 837 437 naurs.
1089 366 1162 445 287

123 550 274 647 aliaeque
308 573 366 624 res
400 576 477 626 nou
507 577 646 649 paucae,
676 551 933 650 lapidescunt?
985 551 1162 648 Denique,

122 663 199 738 vita
214 663 303 761 quid
320 676 388 754 est,
406 677 443 739 et
460 666 643 763 quomodo
661 664 861 762 generata?

174 775 224 850 B.
251 777 307 850 De
334 777 391 850 his
420 779 528 853 rebus
552 778 716 852 nondum
741 787 962 853 statuerunt.
1016 776 1095 848 Nec
1112 774 1166 848 ita

124 888 187 963 diu
202 891 369 988 estquod
385 892 431 964 de
444 905 576 967 natura
589 916 752 990 quaerere
763 891 976 988 incepimus,
987 901 1029 962 ut
1043 899 1166 963 tantos

123 1026 316 1101 processus
347 1017 541 1100 expectare
573 1005 720 1080 debeas.
772 1007 953 1079 Parumne
983 1015 1040 1076 est
1069 1000 1167 1098 quod

124 1116 331 1191 doctrinam
349 1115 395 1189 de
412 1142 541 1208 vacuo,
561 1130 598 1192 et
615 1118 661 1192 de
678 1127 812 1192 natura
829 1129 867 1191 et
882 1115 1044 1213 pondere
1061 1114 1166 1203 aeris,

123 1229 201 1303 fere
224 1231 302 1325 jam
328 1229 578 1325 patefecimus
610 1244 647 1305 et
674 1231 788 1320 brevi,
820 1254 938 1327 spero,
966 1228 1168 1325 perfectam

125 1341 249 1416 daturi
282 1365 418 1432 sumus,
459 1344 644 1434 nimirum,
683 1356 878 1442 postquam
917 1341 1169 1438 experimenta

125 1464 252 1529 nostra
268 1454 306 1528 iu
323 1454 501 1531 altissimo
526 1458 589 1531 illo
614 1468 741 1531 moute
765 1456 958 1530 fecerimus
975 1455 1037 1553 qui
1055 1453 1168 1529 estin

126 1567 245 1641 insula
261 1568 444 1642 Teneriffa
459 1569 471 1642 l

177 1680 227 1755 A.
254 1680 354 1754 Bene
371 1693 439 1754 est.
477 1682 724 1778 Expectemus
741 1692 885 1778 partum
903 1679 1049 1754 montis,
1089 1681 1168 1777 Ego

127 1794 270 1867 interea
299 1794 451 1891 physica
480 1806 673 1869 contentus
702 1795 911 1882 Hobbiana,
934 1805 1102 1867 naturam
1130 1806 1169 1867 et

128 1908 342 1981 varietatem
371 1920 492 1982 motus
523 1908 810 2006 contemplabor.
861 1908 983 1981 Etiam
1010 1906 1169 2003 politicae

129 2019 293 2115 ejusdem
310 2031 348 2093 et
365 2021 497 2094 ethicae
515 2021 650 2118 regulis
667 2020 714 2094 ad
732 2020 925 2094 vivendum
943 2032 1038 2092 utar-

178 2133 227 2206 B.
256 2135 372 2206 Recte
398 2134 545 2231 quidem
580 2135 625 2207 de
653 2133 812 2231 politica.
876 2134 943 2206 Est
970 2132 1068 2205 enim
1095 2130 1169 2218 illa,

129 2257 172 2319 ut
202 2246 355 2343 physica
385 2259 522 2336 nostra,
551 2247 867 2343 experimentalis:
898 2268 984 2318 nam
1011 2242 1170 2317 vicennii

129 2359 294 2456 proxime
313 2360 509 2455 superioris
527 2358 751 2456 experientia
775 2358 928 2431 nimium
954 2357 1172 2430 confirmata

131 2480 198 2545 est.
251 2471 352 2546 Quid
368 2484 505 2562 autem,
523 2470 785 2569 quadraturam
811 2470 950 2559 circuli,
978 2493 1088 2566 quam
1110 2467 1171 2541 ille

131 2596 217 2657 ante
235 2608 372 2658 annum
390 2584 517 2674 edidit,
535 2609 711 2658 unacum
729 2583 906 2658 divisione
923 2583 1060 2680 auguli,
1074 2592 1112 2656 et
1128 2581 1172 2656 iis

132 2721 212 2794 quae
229 2696 398 2793 adjunxit
415 2697 460 2770 de
479 2697 655 2794 cycloide,
674 2696 720 2771 de
748 2710 876 2771 centro
901 2696 1094 2793 gravitatis
1118 2718 1173 2769 se-

132 2810 323 2898 micirculi,
342 2824 434 2883 ete:
463 2811 621 2884 etiamne
638 2811 702 2883 illa
718 2810 924 2907 approbas?

183 2922 232 2996 A.
260 2921 438 2997 Quidni?
474 2923 567 2996 Cum
584 2947 733 2996 causam
747 2921 989 2997 dissentiendi
1007 2920 1175 2995 omnibus

134 3059 212 3109 esse
226 3036 369 3109 videam
382 3060 495 3108 unum
514 3036 743 3134 eundemque
761 3059 944 3109 errorem:
972 3033 1071 3130 quod
1085 3033 1176 3107 line-

134 3173 237 3222 arum
267 3160 451 3221 rectarum
482 3171 675 3221 numerum
699 3148 943 3244 multiplicare
965 3170 1032 3242 per
1049 3168 1176 3217 uume-

134 3285 215 3334 rum
234 3272 431 3346 rectarum,
448 3259 599 3355 perinde
624 3260 761 3332 habent
783 3283 827 3332 ac
847 3257 1093 3353 multiplicare
1109 3279 1177 3352 per

135 3399 328 3450 numerum
351 3373 588 3470 simpliciter:
614 3387 657 3446 ut
682 3372 912 3448 manifestius
930 3368 1121 3468 apparebit
1139 3369 1176 3441 in

136 3489 381 3585 sequentibus.
451 3485 679 3560 Transmissa
712 3498 768 3558 est
809 3485 881 3558 huc
915 3483 1124 3580 nuperrime
1156 3505 1177 3555 e

138 3599 266 3691 Gallia,
284 3602 438 3675 authore
456 3623 651 3696 anonymo,
671 3598 807 3672 Gallice
825 3599 961 3695 scripta
979 3595 1177 3693 duplicatio

137 3715 222 3788 cubi
240 3716 474 3811 geometrica,
493 3725 535 3787 ut
558 3712 647 3785 mihi
670 3712 875 3802 videbatur,
906 3711 966 3784 cui
993 3707 1179 3804 exemplar

138 3853 161 3900 a
177 3827 378 3925 bibliopola
394 3828 572 3901 traditum
595 3838 662 3913 est,
685 3826 773 3899 satis
795 3826 889 3899 bene
916 3824 1177 3897 demonstrata.

140 3940 257 4014 Fuere
280 3953 404 4013 autem
428 3941 559 4037 quibus
583 3940 690 4015 aliter
706 3939 824 4013 visum
848 3947 915 4012 est.
966 3935 1052 4009 Vidi
1081 3933 1179 4008 enim

140 4051 230 4127 duas
248 4056 326 4150 ejus
344 4053 595 4128 refutationes.

191 4167 240 4239 B.
267 4166 562 4262 Duplicationem
580 4166 665 4241 cubi
679 4165 1012 4241 demonstratamue
1029 4185 1107 4235 esse
1125 4160 1179 4234 di-

141 4279 222 4351 cis?
273 4279 426 4353 Videam
449 4303 583 4376 quaeso.
