2946 5010
390 453 572 509 ouonrro
592 448 787 522 annnam,
807 445 896 506 nro.
1091 425 1164 514 517

122 632 198 695 tem
212 641 291 694 esse
301 641 408 693 arcus
420 629 468 695 30
478 618 657 716 graduum
672 618 710 691 in
724 618 904 716 quadrato
918 613 1104 713 descripto
1116 616 1167 690 ia·
1180 647 1223 688 xo
1237 645 1322 687 mor».
1336 631 1379 685 xn

123 734 262 807 teribus
275 732 594 830 aequidistantibns
612 756 635 805 a
651 732 828 806 lateribus
841 731 1011 828 quadrati
1025 730 1167 804 Assuu
1207 714 1351 751 *μ

125 847 250 922 Quare
267 872 290 920 a
305 860 445 944 puncto
459 869 658 920 concursus
675 859 860 920 rectarum
873 846 925 919 Br
935 858 973 918 et
985 845 1043 917 Aa
1056 843 1169 917 ducta

123 982 252 1033 secans
281 982 391 1033 arcus
415 969 463 1035 30
486 959 668 1056 graduum
695 959 734 1032 in
762 958 942 1056 quadrato
973 958 1168 1047 exteriore,

123 1073 297 1170 parellela
314 1074 383 1147 erit
399 1075 514 1148 rectae
531 1073 610 1159 Br;
636 1085 676 1146 et
689 1083 888 1170 propterea
903 1084 1007 1145 recta
1021 1072 1075 1144 Br
1087 1094 1170 1167 pro·

124 1185 237 1260 ducta
253 1185 393 1259 incidet
409 1186 448 1259 in
466 1211 515 1259 a:
542 1184 642 1283 quod
663 1185 814 1280 negavit
840 1184 912 1258 ille.
964 1183 1170 1281 Propositio

123 1323 213 1396 ergo
231 1299 310 1373 haec
328 1299 368 1372 xi
381 1299 510 1373 manet
521 1299 751 1372 inconcussa.

176 1412 287 1487 Quod
310 1424 434 1485 autem
461 1410 640 1508 sequitur,
658 1423 816 1505 tangens
839 1408 965 1506 anguli
988 1408 1172 1505 graduum

124 1521 247 1624 ,ἓξ-03
263 1537 419 1621 tangens
431 1522 614 1619 graduum
630 1531 678 1597 30
691 1522 799 1596 simul
813 1535 970 1619 sumptae
987 1535 1073 1594 sunt
1091 1534 1171 1595 toto

125 1638 230 1712 radio
248 1637 420 1727 minores,
433 1636 590 1710 affirmat
608 1635 669 1709 ille
686 1635 829 1709 falsoet
845 1636 923 1709 eine
941 1635 1172 1708 demonstra-

126 1753 240 1839 tione,
258 1749 447 1823 confidens
464 1749 599 1823 tabulis
616 1749 832 1838 secantium,
851 1750 1010 1836 sinuum,
1035 1760 1074 1820 et
1090 1761 1172 1821 tan-

125 1865 304 1960 gentium,
340 1886 422 1958 quae
449 1861 551 1935 falsae
582 1873 691 1936 sunt:
726 1874 769 1935 ut
798 1863 981 1958 quorum*
1010 1861 1173 1934 calculus

128 1976 314 2073 dependet
324 1976 371 2049 ab
385 1977 615 2050 extractione
627 1976 794 2050 radicum
806 1976 1173 2073 quadratorum,quae

126 2114 204 2164 non
220 2101 307 2163 sunt
323 2088 440 2162 latera
455 2089 731 2186 quadratorum,
744 2112 866 2186 neque
884 2088 1034 2162 omnino
1052 2088 1173 2162 lineae.

127 2203 225 2276 Nam
243 2203 282 2275 in
300 2201 480 2298 quadrato
498 2202 640 2290 ABGO,
658 2214 818 2298 quatuor
839 2214 928 2275 sunt
953 2199 1134 2297 quadrata
1150 2223 1175 2272 a

127 2329 231 2390 recta
248 2314 324 2388 CO.
377 2314 418 2388 Si
435 2337 524 2411 ergo
542 2339 585 2388 ex
605 2324 628 2387 4
646 2314 864 2388 extrahatur
881 2312 998 2400 radix,
1022 2313 1093 2386 erit
1110 2313 1175 2386 illa

128 2428 233 2502 radix
267 2427 352 2503 duo.
410 2428 494 2502 Duo
523 2428 631 2524 quae?
689 2428 775 2502 Non
810 2440 899 2500 sunt
931 2427 1006 2500 duo
1040 2425 1173 2500 nihilo.

129 2541 222 2617 Quae
246 2551 332 2614 sunt
357 2562 447 2635 ergo
472 2563 531 2613 res
554 2541 628 2614 illae
651 2539 762 2614 duae?
814 2540 901 2614 Non
919 2551 1006 2613 sunt
1023 2539 1097 2613 duo
1114 2563 1176 2612 ca-

128 2654 226 2728 balli.
267 2655 361 2728 Sunt
372 2676 461 2749 ergo
479 2652 553 2726 duo
571 2653 770 2750 quadrata:
787 2677 943 2750 quorum
954 2651 1176 2749 quadratum

128 2768 261 2843 ABGC
278 2779 336 2842 est
353 2777 388 2841 4.
441 2767 536 2842 Sunt
559 2779 684 2841 autem
705 2768 769 2842 illa
792 2767 866 2841 duo
891 2767 1012 2862 (radix
1029 2766 1176 2840 illorum

128 2882 301 2980 quatuor)
334 2881 489 2979 aequalia
521 2882 739 2980 rectangulo
766 2881 847 2955 ΑΟ.
910 2881 1035 2956 Quare
1069 2880 1176 2954 radix

130 2995 299 3092 quadrati
315 2996 362 3068 ab
380 2994 445 3069 AC
465 3006 522 3068 est
539 2995 626 3069 AO:
652 3019 762 3091 quam
790 2995 952 3069 radicem
977 3005 1177 3091 geometrae

130 3108 235 3180 mixti
252 3123 402 3182 sumunt
418 3131 487 3205 pro
505 3108 619 3181 latere
639 3109 716 3182 AC.

183 3217 294 3294 Quod
310 3231 433 3293 autem
451 3231 609 3314 tangens
622 3229 671 3296 30
684 3217 866 3316 graduum
880 3241 955 3291 una
972 3240 1057 3291 oum
1074 3228 1177 3292 recta

132 3330 196 3404 GL
224 3330 375 3427 aequalis
405 3331 454 3404 sit
482 3331 587 3404 radio
616 3330 694 3420 CG,
720 3329 956 3403 manifestum
981 3340 1038 3403 est
1063 3352 1108 3403 ex
1131 3353 1177 3403 eo

131 3442 232 3540 quod
251 3443 312 3516 Aa
331 3443 463 3516 dividit
480 3455 659 3517 sectorem
678 3442 775 3516 Act.
796 3440 978 3515 bifariam.
1030 3442 1178 3515 Nomai

133 3557 245 3630 ducta
261 3556 490 3652 intelligatur
501 3567 606 3630 recta
618 3557 686 3646 La,
700 3568 808 3630 erunt
820 3557 874 3630 ca
888 3568 924 3630 et
939 3556 995 3630 La
1008 3557 1178 3653 aquales,

132 3683 173 3742 et
189 3670 345 3765 angulus
362 3670 451 3744 GLa
467 3682 614 3744 rectust
640 3681 679 3743 et
695 3681 903 3767 propterea,
918 3671 1005 3767 quia
1021 3670 1180 3766 angulus

133 3783 228 3857 auu
243 3795 299 3858 est
316 3784 542 3871 semireotuS,
560 3795 669 3858 erunt
686 3784 761 3872 GL,
775 3784 831 3857 La
854 3783 1023 3880 aequaies.
1077 3782 1179 3857 Quo-

133 3897 233 3970 niam
261 3920 350 3993 ergo
374 3897 432 3971 Ga
449 3907 487 3970 et
503 3897 560 3970 uC
583 3895 691 3970 simul
720 3907 876 3993 sumptae
905 3907 993 3969 sunt
1021 3895 1181 3991 aequaleo

133 4009 242 4085 lateri
260 4008 335 4099 OG,
352 4010 465 4084 etiam
482 4009 540 4084 Ga
557 4020 595 4083 et
620 4009 684 4083 GL
701 4009 809 4083 simul
834 4021 992 4106 sumptae
1020 4008 1183 4104 aequaieo

136 4134 222 4197 sunt
239 4122 358 4197 eidem
379 4121 458 4196 GC.
510 4121 663 4197 Quanta
688 4134 813 4196 autem
830 4121 895 4196 GL
910 4122 969 4196 vel
987 4120 1043 4195 Ca
1068 4121 1117 4194 sit
1141 4119 1181 4195 in

524 4386 542 4423 ⁶
565 4384 614 4446 Sic
628 4385 697 4446 edit.
715 4387 801 4446 1669.
