2946 5010
296 432 369 498 494
614 441 795 497 CURATIO
815 441 1007 496 SPHAERAE.

118 636 203 677 enoc·
219 635 252 676 n.
296 612 368 684 erit
385 611 566 709 quadrato
583 610 706 688 FGHI
722 610 948 709 parallelum,
965 620 1003 684 et
1019 608 1267 685 distinctum
1284 636 1366 710 par-

111 704 256 741 ’ῳ
296 725 396 797 tibus
414 725 543 799 iisdem
561 726 693 823 quibus
711 725 951 820 distinguitur
968 721 1211 818 quadratum
1242 725 1366 823 ipsum

297 834 421 913 FGHI
437 838 476 910 in
493 837 600 911 dictis
616 838 776 934 punctis.
829 837 951 934 Atque
968 835 1068 909 idem
1087 838 1320 935 continget,
1336 839 1365 911 si

298 949 436 1024 eaedem
454 950 773 1047 perpendiculares
789 949 981 1046 productae
1008 948 1085 1023 sint
1114 950 1174 1025 ad
1200 952 1366 1026 eandem

298 1062 543 1148 altitudinem,
562 1064 638 1152 Ae,
656 1063 752 1136 infra
767 1064 1011 1137 horizontem.

350 1175 537 1266 Similiter,
555 1176 641 1249 siin
659 1176 805 1272 punctis
818 1175 1043 1265 aetat,
1055 1175 1139 1264 r,S,
1152 1210 1183 1265 ε,
1201 1180 1366 1277 a,'l*‚,‚p,

297 1289 337 1361 in
354 1288 586 1362 altitudinem
604 1290 671 1363 AY
688 1289 877 1385 erigantur
892 1288 1238 1386 perpendiculares
1253 1318 1367 1391 supra

297 1401 540 1490 horizontem,
557 1403 707 1498 planum
725 1401 876 1475 ductum
901 1401 1147 1498 perillarum
1175 1408 1367 1482 terminos

297 1515 370 1589 erit
386 1515 564 1613 quadrato
583 1511 710 1604 QRST
727 1514 951 1611 parellelum.
994 1514 1123 1611 Atque
1145 1517 1260 1594 idem
1282 1547 1370 1596 con·

297 1629 418 1725 tinget
434 1629 546 1702 etiam
562 1628 660 1701 infra
675 1628 927 1701 horizontem:
955 1638 1144 1725 eruntque
1164 1633 1272 1708 facti
1295 1635 1367 1710 duo

298 1741 394 1832 cubi,
414 1765 569 1836 quornm
591 1741 707 1814 latera
723 1752 809 1813 sunt
827 1741 896 1813 GH
917 1751 955 1813 et
980 1740 1063 1816 QR.
1120 1743 1263 1843 Super
1281 1774 1368 1824 cen.

296 1867 395 1929 trum
414 1856 445 1926 A
466 1853 709 1927 constituatur
727 1852 946 1948 quadratum
973 1853 1074 1950 odfg
1092 1861 1257 1953 aequale
1277 1863 1368 1937 dua.

296 1968 366 2041 bus
393 1967 510 2040 tertiis
538 1967 651 2040 totius
670 1966 839 2063 quadrati
858 1963 993 2041 GHIF.
1044 1963 1253 2056 Quoniam
1278 2002 1369 2075 ergo

296 2081 515 2178 quadratum
535 2078 661 2171 Qasr
679 2081 817 2177 aequale
835 2093 890 2153 est
916 2079 1053 2153 circulo
1072 2079 1243 2179 BDGF,
1264 2091 1299 2164 si
1323 2091 1369 2165 ad

296 2208 436 2292 puncta
453 2193 495 2284 Q,
508 2193 553 2283 R,
568 2192 647 2282 st
669 2194 858 2290 erigantur
884 2206 996 2267 rectae
1018 2201 1371 2291 perpendiculares

296 2333 451 2405 quarum
475 2331 704 2402 unaquaeque
725 2307 875 2401 aequalis
900 2307 946 2379 sit
970 2305 1161 2384 diametro
1193 2316 1278 2407 ΟΕ,
1306 2320 1371 2392 fiet

297 2423 454 2496 solidum
471 2421 724 2517 rectangulum
742 2420 882 2516 aequale
900 2419 1066 2516 cylindro
1085 2429 1322 2506 constituto
1332 2434 1369 2506 in

298 2536 424 2609 eadem
444 2534 649 2607 altitudine.

349 2650 469 2743 Hujus
501 2646 655 2741 cylindri
687 2645 769 2717 duae
800 2645 919 2717 tertiae
946 2644 1106 2740 aequales
1141 2666 1248 2726 sunt
1287 2658 1371 2752 (per

300 2759 573 2848 Archimedem)
585 2759 737 2850 sphaerae
756 2783 778 2828 a
796 2759 975 2831 diametro
996 2760 1077 2828 CE:
1097 2783 1264 2861 nempe,
1282 2797 1369 2866 par.

297 2871 567 2967 allelipipedum
595 2873 850 2965 reetangulum
882 2875 984 2968 cujus
1012 2871 1176 2946 altitudo
1208 2895 1272 2954 est
1300 2910 1367 2980 og,

298 2998 335 3058 et
354 2986 434 3057 duae
449 2985 691 3055 dimensiones
709 2985 857 3079 reliquae
876 2999 961 3057 sunt
974 2986 1040 3056 'PR
1051 2997 1087 3055 et
1104 2986 1197 3076 QR,
1216 2998 1367 3089 aequale

299 3101 368 3172 erit
397 3100 559 3194 sphaerae.
623 3098 723 3170 lnter
751 3099 845 3170 latus
869 3098 936 3178 TQ
965 3109 1001 3170 et
1026 3097 1281 3178 altitudinem
1314 3136 1367 3206 og

299 3226 463 3287 sumatur
493 3211 613 3284 media
642 3212 924 3307 proportionalis
952 3211 1010 3297 du,
1041 3213 1366 3316 compleaturque

299 3327 517 3424 quadratum
536 3325 641 3395 linare.
683 3326 867 3398 Quoniam
883 3349 970 3418 ergo
988 3325 1104 3395 latera
1122 3325 1212 3415 ΤΟ,
1226 3331 1295 3420 lm,
1310 3361 1365 3433 ag

299 3454 384 3513 sunt
403 3440 576 3511 continue
594 3439 895 3534 proportionalia,
914 3440 984 3509 erit
1007 3436 1239 3531 quadratum
1256 3446 1364 3518 dlrna

298 3553 436 3647 aeqnale
454 3552 666 3646 rectangulo
685 3553 751 3623 sub
770 3552 849 3638 To,
867 3576 930 3647 og.
976 3551 1099 3623 Quare
1118 3555 1363 3645 quadratum

298 3667 395 3738 khan
415 3665 565 3737 ductum
584 3664 621 3735 in
650 3688 755 3735 suum
782 3665 876 3736 latus
896 3664 941 3735 lm
961 3664 1101 3758 aequale
1123 3666 1199 3738 erit
1231 3674 1362 3747 solido

299 3782 365 3852 sub
383 3780 463 3865 ΤΘ,
483 3778 540 3865 lm,
553 3803 617 3874 ag.
663 3778 847 3858 Quoniam
865 3801 953 3871 ergo
971 3777 1063 3848 ratio
1083 3777 1265 3870 quadrati
1284 3787 1361 3858 altu

298 3893 346 3966 ad
368 3892 585 3987 quadratum
609 3891 654 3962 ab
674 3916 739 3987 og,
759 3890 944 3985 duplicata
969 3902 1023 3961 est
1050 3889 1208 3964 rationis
1239 3921 1361 3991 quam

299 4008 410 4080 habet
428 4005 584 4079 altitudo
603 4005 649 4075 dn
670 4004 717 4076 ad
736 4029 801 4099 ag,
816 4015 853 4076 et
872 4002 1027 4075 altitudo
1040 4003 1109 4076 Ta
1120 4003 1167 4074 ad
1180 4008 1360 4086 altitudi-

299 4144 383 4191 nem
419 4145 472 4217 og
503 4118 725 4213 duplicatam
761 4118 871 4190 habet
905 4118 1085 4188 rationem
1121 4118 1203 4212 ejus
1238 4148 1360 4219 quam

300 4232 410 4304 habet
437 4230 593 4303 altitudo
611 4231 680 4304 To
697 4230 743 4302 ad
772 4230 1002 4302 altitudinem
1030 4229 1088 4316 ten,
1108 4246 1224 4306 erunt
1243 4237 1360 4313 bases

301 4344 498 4418 solidorum
517 4346 584 4416 snb
601 4345 681 4433 ΤΟ,
697 4345 755 4432 lert,
771 4370 835 4441 og,
856 4355 892 4417 et
910 4342 1121 4417 altitudines
1140 4351 1359 4426 eorundem
