2946 5010
426 381 702 435 PROBLEMATA
721 381 912 435 anvsrcn.
1115 368 1184 435 321

152 557 313 637 auctore,
329 557 473 621 tantum
486 547 736 644 impelleretur
752 549 848 622 aeris
861 557 1038 646 quantum
1050 547 1187 622 vlribns

152 661 223 735 illis
240 661 464 750 conveniret,
482 662 611 758 quibus
628 685 691 735 aer
707 674 858 760 propter
875 663 1032 736 auctoris
1048 673 1187 737 retrac-

151 775 293 848 tionem
325 773 558 872 reprimitur:
594 775 705 871 idque
734 775 813 848 sine
843 775 943 849 omni
974 774 1188 851 difficultate

152 887 325 962 sensibili.
378 889 527 962 Quanto
550 899 672 962 antem
695 889 933 962 interstitium
955 889 1047 962 illnd
1068 890 1188 966 minus

152 1012 260 1091 esset,
278 1012 383 1074 tanto
401 1000 655 1098 ingrederetur
671 1026 734 1077 aer
750 1003 922 1077 velocius.
968 1003 1036 1076 Vel
1054 1003 1084 1076 si
1100 1028 1189 1078 con-

152 1126 274 1188 tactus
291 1114 350 1203 sit,
368 1112 432 1186 sed
450 1138 525 1187 non
541 1138 608 1210 per
633 1115 757 1189 omnia
780 1128 929 1212 puncta,
958 1115 1069 1189 etiarn
1098 1128 1188 1191 tunc

152 1228 303 1301 intrabit
334 1251 408 1317 aer,
442 1226 553 1302 modo
583 1239 708 1302 suctor
733 1230 872 1324 majore
901 1230 937 1302 vi
968 1229 1187 1304 retrahatur.

152 1343 342 1416 Postremo
361 1340 430 1414 etsi
447 1352 637 1416 contactus
653 1342 789 1439 ubique
806 1341 1058 1416 exactissimus
1076 1344 1135 1432 sit,
1152 1343 1189 1415 vi

151 1467 274 1528 tamen
289 1456 375 1529 satis
389 1466 498 1529 aucta
506 1479 572 1553 per
585 1456 770 1530 cochleam
781 1456 938 1530 ferream
950 1467 1029 1529 tum
1047 1457 1188 1530 corium

151 1568 270 1659 cedet,
288 1581 368 1643 tum
385 1570 504 1665 ipsum
518 1594 589 1644 aes:
615 1581 726 1667 atque
737 1569 791 1643 ita
803 1593 948 1667 quoque
960 1569 1188 1667 ingredietur

151 1705 225 1756 aer.
277 1680 422 1756 Credin'
441 1693 484 1755 tu
500 1683 670 1779 possibile
687 1706 765 1756 esse
789 1681 880 1756 duas
903 1683 1112 1779 superficies
1134 1684 1188 1758 ita

152 1805 279 1867 exacte
296 1818 528 1890 componere,
546 1807 589 1868 ut
606 1795 673 1868 has
699 1797 919 1892 compositas
949 1819 1029 1869 esse
1051 1821 1187 1893 suppo-

151 1918 247 1979 nunt
259 1907 333 1979 illi:
361 1918 425 1980 aut
443 1908 584 1980 corium
605 1907 659 1981 ita
680 1907 813 1981 durum
837 1933 914 1982 esse
939 1919 981 1982 ut
1006 1910 1094 1999 aeri,
1123 1911 1187 2006 qui

152 2021 311 2094 cochleae
326 2044 395 2116 ope
408 2020 598 2110 incutitur,
613 2020 866 2095 nihilomnino
881 2019 1011 2096 cedat?
1038 2022 1188 2096 Corium

152 2158 357 2232 quanquam
377 2133 556 2230 optimum
578 2134 742 2207 admittit
763 2158 909 2231 aquam,
931 2149 974 2209 ut
1001 2135 1078 2233 ipse
1103 2137 1186 2226 scis,

152 2248 183 2320 si
200 2247 295 2320 forte
307 2245 426 2319 fecisti
441 2270 602 2343 uuquam
619 2246 690 2320 iter
702 2259 813 2320 vento
827 2257 865 2321 et
877 2248 1000 2344 pluvia
1015 2261 1129 2339 ὑόμενος
1141 2263 1187 2322 cat

151 2375 278 2451 ἀήμενος.
329 2359 458 2457 ltaque
477 2359 644 2433 dubitare
669 2384 744 2434 nou
767 2371 872 2457 potes
894 2360 982 2457 quin
1005 2373 1188 2434 retractus

152 2483 277 2546 suotor
293 2483 436 2546 tantum
449 2473 544 2546 aeris
555 2473 594 2546 in
605 2473 822 2570 cylindrum,
833 2473 996 2571 adeoque
1014 2474 1052 2547 in
1069 2475 1189 2572 ipsum

151 2586 331 2682 recipiens
349 2586 513 2675 incutiat,
531 2597 708 2683 qnantum
725 2586 859 2661 sufficit
878 2586 926 2660 ad
948 2587 1069 2661 loonm
1095 2612 1190 2663 sem-

151 2722 217 2794 per
240 2699 409 2772 relictum
433 2699 594 2794 perfecte
618 2698 857 2797 implendum.
908 2700 1070 2775 Effectus
1100 2724 1190 2798 ergo

152 2811 214 2906 qui
229 2811 346 2885 oritur
358 2835 381 2883 a
393 2812 614 2885 retractione
628 2813 796 2902 suctoris,
807 2813 899 2886 alius
916 2837 991 2887 non
1009 2826 1065 2890 est
1080 2839 1190 2913 quam

151 2936 304 2997 ventus:
330 2935 472 3013 ventus,
490 2925 653 3021 iuquam,
670 2926 1024 3016 vehementissimus,
1045 2929 1107 3025 qui
1134 2929 1192 3003 in-

152 3036 319 3132 greditur
352 3037 594 3135 undequaque
631 3039 729 3113 inter
762 3040 918 3114 suctoris
960 3041 1191 3137 superficiem

152 3174 352 3223 convexam
370 3164 408 3225 et
425 3151 582 3248 cylindri
598 3154 690 3226 aenei
713 3177 923 3242 concavam,
940 3154 1189 3250 proceditque,

153 3288 259 3338 versa
283 3265 473 3354 clavicula,
490 3266 529 3338 in
556 3266 753 3340 cavitatem
780 3266 881 3362 globi
904 3266 1023 3356 vitrei,
1042 3267 1129 3357 sive,
1147 3279 1191 3340 ut

152 3390 317 3467 vocatur,
335 3378 560 3477 recipientia.

202 3489 248 3564 A.
276 3491 431 3564 Causam
447 3490 555 3564 video
572 3513 671 3563 nunc
687 3490 796 3563 unius
814 3513 859 3563 ex
879 3489 1058 3564 machinae
1079 3491 1190 3565 mira-

153 3604 296 3695 bilibus,
315 3603 499 3692 nimirum‚
523 3626 588 3676 cur
611 3613 735 3675 suctor
755 3614 948 3699 postquam
977 3613 1032 3677 est
1052 3602 1190 3701 aliqua-

154 3727 259 3789 tenus
277 3727 456 3790 retractus
477 3727 515 3789 et
538 3715 670 3790 deiude
693 3716 859 3805 amissus,
888 3716 1008 3789 subito
1034 3716 1190 3790 recurrit

154 3828 201 3901 ad
220 3828 375 3926 cylindri
392 3830 648 3904 summitatem.
700 3829 797 3903 Nam
822 3851 897 3918 aer,
915 3829 1031 3925 quivi
1056 3852 1191 3925 magua

153 3943 330 4040 impulsus
347 3941 479 4032 fuerat,
498 3967 623 4016 rursns
649 3966 715 4039 per
736 3942 1046 4040 repercussionem
1062 3941 1110 4015 ad
1128 3965 1190 4016 ex-

153 4067 260 4129 terna
276 4057 312 4128 vi
329 4054 457 4127 eadem
474 4055 682 4130 revertitur.

204 4170 253 4242 B.
281 4169 403 4264 lltque
419 4169 489 4242 hoc
507 4168 655 4266 quidem
671 4171 877 4266 argumenti
899 4169 988 4243 satis
1006 4180 1062 4243 est
1079 4171 1191 4242 etiam

154 4280 284 4369 solum,
297 4280 396 4376 quod
408 4283 510 4356 locus
524 4307 546 4357 a
561 4295 707 4357 auctore
721 4282 871 4356 relictus
883 4305 957 4355 non
972 4292 1028 4356 est
1041 4305 1189 4356 vacuus.

253 4415 347 4468 voh.
362 4417 419 4469 rv.
1064 4418 1091 4470 v

1233 576 1301 618 CAP·
1317 577 1362 618 ΠΙ.

1227 645 1371 681 N-q-d

1239 703 1274 747 Da
1283 714 1360 747 vacuo.
