<?xml version="1.0" encoding="UTF-8"?>
<!DOCTYPE html PUBLIC "-//W3C//DTD XHTML 1.0 Transitional//EN"
    "http://www.w3.org/TR/xhtml1/DTD/xhtml1-transitional.dtd">
<html xmlns="http://www.w3.org/1999/xhtml" xml:lang="en" lang="en">
 <head>
  <title>
</title>
<meta http-equiv="Content-Type" content="text/html;charset=utf-8" />
  <meta name='ocr-system' content='tesseract 3.04.00' />
  <meta name='ocr-capabilities' content='ocr_page ocr_carea ocr_par ocr_line ocrx_word'/>
</head>
<body>
  <div class='ocr_page' id='page_1' title='image "./thomhobbesmalme01hobbgoog_0248.png"; bbox 0 0 2946 5010; ppageno 0'>
   <div class='ocr_carea' id='block_1_1' title="bbox 556 402 629 480">
    <p class='ocr_par' dir='ltr' id='par_1_1' title="bbox 556 402 629 480">
     <span class='ocr_line' id='line_1_1' title="bbox 556 402 629 480; baseline 0.123 -10"><span class='ocrx_word' id='word_1_1' title='bbox 556 402 629 480; x_wconf 79' lang='lat'>237</span> 
     </span>
    </p>
   </div>
   <div class='ocr_carea' id='block_1_2' title="bbox 52 565 1203 2532">
    <p class='ocr_par' dir='ltr' id='par_1_2' title="bbox 52 565 1203 2532">
     <span class='ocr_line' id='line_1_2' title="bbox 52 565 1202 664; baseline -0.002 -22"><span class='ocrx_word' id='word_1_2' title='bbox 52 568 229 657; x_wconf 88' lang='lat' dir='ltr'>creditur,</span> <span class='ocrx_word' id='word_1_3' title='bbox 244 578 281 640; x_wconf 91' lang='lat' dir='ltr'>et</span> <span class='ocrx_word' id='word_1_4' title='bbox 297 568 319 612; x_wconf 71' lang='lat'>*</span> <span class='ocrx_word' id='word_1_5' title='bbox 332 578 417 641; x_wconf 91' lang='lat' dir='ltr'>sunt</span> <span class='ocrx_word' id='word_1_6' title='bbox 429 569 534 663; x_wconf 87' lang='lat' dir='ltr'>quasi</span> <span class='ocrx_word' id='word_1_7' title='bbox 548 568 773 664; x_wconf 90' lang='lat' dir='ltr'>reliquorum</span> <span class='ocrx_word' id='word_1_8' title='bbox 787 566 966 663; x_wconf 81' lang='lat' dir='ltr'>magistri.</span> <span class='ocrx_word' id='word_1_9' title='bbox 1017 565 1202 640; x_wconf 78' lang='lat' dir='ltr'>Exhibeat</span> 
     </span>
     <span class='ocr_line' id='line_1_3' title="bbox 53 684 1203 774; baseline -0.002 -15"><span class='ocrx_word' id='word_1_10' title='bbox 53 688 243 760; x_wconf 87' lang='lat' dir='ltr'>machinas</span> <span class='ocrx_word' id='word_1_11' title='bbox 260 711 386 774; x_wconf 89' lang='lat' dir='ltr'>novas,</span> <span class='ocrx_word' id='word_1_12' title='bbox 410 699 452 759; x_wconf 91' lang='lat' dir='ltr'>ut</span> <span class='ocrx_word' id='word_1_13' title='bbox 477 711 633 759; x_wconf 88' lang='lat' dir='ltr'>vacuum</span> <span class='ocrx_word' id='word_1_14' title='bbox 663 710 770 758; x_wconf 92' lang='lat' dir='ltr'>suum</span> <span class='ocrx_word' id='word_1_15' title='bbox 801 699 839 758; x_wconf 92' lang='lat' dir='ltr'>et</span> <span class='ocrx_word' id='word_1_16' title='bbox 866 684 977 757; x_wconf 91' lang='lat' dir='ltr'>miras</span> <span class='ocrx_word' id='word_1_17' title='bbox 1005 684 1203 757; x_wconf 85' lang='lat' dir='ltr'>ostendant</span> 
     </span>
     <span class='ocr_line' id='line_1_4' title="bbox 53 803 1201 903; baseline -0.003 -25"><span class='ocrx_word' id='word_1_18' title='bbox 53 831 196 903; x_wconf 90' lang='lat' dir='ltr'>nugas;</span> <span class='ocrx_word' id='word_1_19' title='bbox 225 807 532 902; x_wconf 86' lang='lat' dir='ltr'>quemadmodum</span> <span class='ocrx_word' id='word_1_20' title='bbox 551 805 690 878; x_wconf 88' lang='lat' dir='ltr'>faciunt</span> <span class='ocrx_word' id='word_1_21' title='bbox 710 805 773 901; x_wconf 94' lang='lat' dir='ltr'>qui</span> <span class='ocrx_word' id='word_1_22' title='bbox 795 805 1051 898; x_wconf 88' lang='lat' dir='ltr'>circumagunt</span> <span class='ocrx_word' id='word_1_23' title='bbox 1062 803 1201 875; x_wconf 89' lang='lat' dir='ltr'>anima-</span> 
     </span>
     <span class='ocr_line' id='line_1_5' title="bbox 54 919 1201 1017; baseline -0.001 -23"><span class='ocrx_word' id='word_1_24' title='bbox 54 923 104 995; x_wconf 91' lang='lat' dir='ltr'>lia</span> <span class='ocrx_word' id='word_1_25' title='bbox 122 923 277 1010; x_wconf 89' lang='lat' dir='ltr'>exotica,</span> <span class='ocrx_word' id='word_1_26' title='bbox 296 922 496 1017; x_wconf 89' lang='lat' dir='ltr'>spectanda</span> <span class='ocrx_word' id='word_1_27' title='bbox 513 946 588 994; x_wconf 92' lang='lat' dir='ltr'>non</span> <span class='ocrx_word' id='word_1_28' title='bbox 607 922 684 994; x_wconf 89' lang='lat' dir='ltr'>sine</span> <span class='ocrx_word' id='word_1_29' title='bbox 702 922 833 1016; x_wconf 91' lang='lat' dir='ltr'>pretio.</span> <span class='ocrx_word' id='word_1_30' title='bbox 896 920 947 992; x_wconf 92' lang='lat' dir='ltr'>Hi</span> <span class='ocrx_word' id='word_1_31' title='bbox 966 919 1056 992; x_wconf 92' lang='lat' dir='ltr'>mihi</span> <span class='ocrx_word' id='word_1_32' title='bbox 1075 944 1201 993; x_wconf 91' lang='lat' dir='ltr'>omnes</span> 
     </span>
     <span class='ocr_line' id='line_1_6' title="bbox 54 1037 1202 1135; baseline -0.001 -24"><span class='ocrx_word' id='word_1_33' title='bbox 54 1038 195 1111; x_wconf 91' lang='lat' dir='ltr'>inimici</span> <span class='ocrx_word' id='word_1_34' title='bbox 220 1050 317 1110; x_wconf 92' lang='lat' dir='ltr'>sunt.</span> <span class='ocrx_word' id='word_1_35' title='bbox 371 1038 512 1132; x_wconf 83' lang='lat' dir='ltr'>Fugere</span> <span class='ocrx_word' id='word_1_36' title='bbox 539 1062 598 1110; x_wconf 92' lang='lat' dir='ltr'>me</span> <span class='ocrx_word' id='word_1_37' title='bbox 617 1062 662 1110; x_wconf 89' lang='lat' dir='ltr'>ex</span> <span class='ocrx_word' id='word_1_38' title='bbox 679 1039 815 1135; x_wconf 85' lang='lat' dir='ltr'>Anglia</span> <span class='ocrx_word' id='word_1_39' title='bbox 842 1038 880 1110; x_wconf 91' lang='lat' dir='ltr'>in</span> <span class='ocrx_word' id='word_1_40' title='bbox 908 1037 1062 1109; x_wconf 89' lang='lat' dir='ltr'>Galliam</span> <span class='ocrx_word' id='word_1_41' title='bbox 1080 1037 1202 1132; x_wconf 87' lang='lat' dir='ltr'>coegit</span> 
     </span>
     <span class='ocr_line' id='line_1_7' title="bbox 55 1154 1201 1252; baseline 0 -25"><span class='ocrx_word' id='word_1_42' title='bbox 55 1156 143 1227; x_wconf 85' lang='lat' dir='ltr'>cleri</span> <span class='ocrx_word' id='word_1_43' title='bbox 173 1179 256 1250; x_wconf 91' lang='lat' dir='ltr'>pars</span> <span class='ocrx_word' id='word_1_44' title='bbox 282 1178 372 1238; x_wconf 91' lang='lat' dir='ltr'>una;</span> <span class='ocrx_word' id='word_1_45' title='bbox 402 1169 438 1226; x_wconf 89' lang='lat' dir='ltr'>et</span> <span class='ocrx_word' id='word_1_46' title='bbox 469 1179 595 1227; x_wconf 90' lang='lat' dir='ltr'>rursus</span> <span class='ocrx_word' id='word_1_47' title='bbox 628 1156 756 1252; x_wconf 82' lang='lat' dir='ltr'>fugere</span> <span class='ocrx_word' id='word_1_48' title='bbox 781 1180 802 1229; x_wconf 91' lang='lat' dir='ltr'>e</span> <span class='ocrx_word' id='word_1_49' title='bbox 823 1154 940 1228; x_wconf 88' lang='lat' dir='ltr'>Gallia</span> <span class='ocrx_word' id='word_1_50' title='bbox 968 1154 1006 1226; x_wconf 92' lang='lat' dir='ltr'>in</span> <span class='ocrx_word' id='word_1_51' title='bbox 1029 1155 1201 1250; x_wconf 87' lang='lat' dir='ltr'>Angliam</span> 
     </span>
     <span class='ocr_line' id='line_1_8' title="bbox 55 1271 1202 1368; baseline -0.001 -23"><span class='ocrx_word' id='word_1_52' title='bbox 55 1271 177 1367; x_wconf 86' lang='lat' dir='ltr'>coegit</span> <span class='ocrx_word' id='word_1_53' title='bbox 191 1272 278 1343; x_wconf 89' lang='lat' dir='ltr'>cleri</span> <span class='ocrx_word' id='word_1_54' title='bbox 296 1295 381 1366; x_wconf 90' lang='lat' dir='ltr'>pars</span> <span class='ocrx_word' id='word_1_55' title='bbox 399 1271 481 1343; x_wconf 88' lang='lat' dir='ltr'>alia.</span> <span class='ocrx_word' id='word_1_56' title='bbox 534 1272 752 1368; x_wconf 85' lang='lat' dir='ltr'>Algebristae</span> <span class='ocrx_word' id='word_1_57' title='bbox 770 1273 1030 1346; x_wconf 85' lang='lat' dir='ltr'>convitiantur.</span> <span class='ocrx_word' id='word_1_58' title='bbox 1075 1276 1098 1310; x_wconf 92' lang='lat'>“</span> <span class='ocrx_word' id='word_1_59' title='bbox 1112 1272 1202 1344; x_wconf 88' lang='lat' dir='ltr'>Gre-</span> 
     </span>
     <span class='ocr_line' id='line_1_9' title="bbox 56 1387 1200 1485; baseline -0.002 -24"><span class='ocrx_word' id='word_1_60' title='bbox 56 1390 267 1461; x_wconf 88' lang='lat' dir='ltr'>shamenses</span> <span class='ocrx_word' id='word_1_61' title='bbox 294 1389 453 1476; x_wconf 86' lang='lat' dir='ltr'>autem,”</span> <span class='ocrx_word' id='word_1_62' title='bbox 482 1412 636 1484; x_wconf 79' lang='lat' dir='ltr'>quaereS‚</span> <span class='ocrx_word' id='word_1_63' title='bbox 661 1389 882 1485; x_wconf 91' lang='lat' dir='ltr'>“quomodo</span> <span class='ocrx_word' id='word_1_64' title='bbox 912 1402 948 1461; x_wconf 90' lang='lat' dir='ltr'>te</span> <span class='ocrx_word' id='word_1_65' title='bbox 976 1388 1152 1461; x_wconf 78' lang='lat' dir='ltr'>laeserunt</span> <span class='ocrx_word' id='word_1_66' title='bbox 1163 1387 1200 1459; x_wconf 84' lang='lat'>?&#39;’</span> 
     </span>
     <span class='ocr_line' id='line_1_10' title="bbox 57 1503 1202 1600; baseline -0.003 -21"><span class='ocrx_word' id='word_1_67' title='bbox 57 1509 169 1579; x_wconf 86' lang='lat' dir='ltr'>Scies.</span> <span class='ocrx_word' id='word_1_68' title='bbox 247 1507 418 1578; x_wconf 89' lang='lat' dir='ltr'>Putaram</span> <span class='ocrx_word' id='word_1_69' title='bbox 456 1530 514 1577; x_wconf 92' lang='lat' dir='ltr'>me</span> <span class='ocrx_word' id='word_1_70' title='bbox 553 1505 765 1578; x_wconf 88' lang='lat' dir='ltr'>methodum</span> <span class='ocrx_word' id='word_1_71' title='bbox 801 1503 984 1600; x_wconf 92' lang='lat' dir='ltr'>quandam</span> <span class='ocrx_word' id='word_1_72' title='bbox 1019 1503 1202 1576; x_wconf 90' lang='lat' dir='ltr'>invenisse</span> 
     </span>
     <span class='ocr_line' id='line_1_11' title="bbox 56 1609 1202 1719; baseline -0.001 -23"><span class='ocrx_word' id='word_1_73' title='bbox 56 1624 312 1719; x_wconf 89' lang='lat' dir='ltr'>interponendi</span> <span class='ocrx_word' id='word_1_74' title='bbox 336 1624 432 1695; x_wconf 91' lang='lat' dir='ltr'>inter</span> <span class='ocrx_word' id='word_1_75' title='bbox 460 1622 549 1695; x_wconf 87' lang='lat' dir='ltr'>duas</span> <span class='ocrx_word' id='word_1_76' title='bbox 576 1623 689 1695; x_wconf 89' lang='lat' dir='ltr'>lineas</span> <span class='ocrx_word' id='word_1_77' title='bbox 710 1609 829 1694; x_wconf 87' lang='lat' dir='ltr'>rectas</span> <span class='ocrx_word' id='word_1_78' title='bbox 848 1645 1085 1716; x_wconf 88' lang='lat' dir='ltr'>quascunque</span> <span class='ocrx_word' id='word_1_79' title='bbox 1111 1621 1202 1695; x_wconf 86' lang='lat' dir='ltr'>duas</span> 
     </span>
     <span class='ocr_line' id='line_1_12' title="bbox 56 1740 1200 1837; baseline -0.001 -24"><span class='ocrx_word' id='word_1_80' title='bbox 56 1742 195 1813; x_wconf 88' lang='lat' dir='ltr'>medias</span> <span class='ocrx_word' id='word_1_81' title='bbox 224 1741 539 1837; x_wconf 86' lang='lat' dir='ltr'>proportionales;</span> <span class='ocrx_word' id='word_1_82' title='bbox 567 1741 854 1836; x_wconf 90' lang='lat' dir='ltr'>methodumque</span> <span class='ocrx_word' id='word_1_83' title='bbox 885 1740 983 1812; x_wconf 91' lang='lat' dir='ltr'>illam</span> <span class='ocrx_word' id='word_1_84' title='bbox 1014 1740 1200 1835; x_wconf 87' lang='lat' dir='ltr'>scriptam,</span> 
     </span>
     <span class='ocr_line' id='line_1_13' title="bbox 56 1856 1202 1954; baseline -0.001 -25"><span class='ocrx_word' id='word_1_85' title='bbox 56 1860 133 1953; x_wconf 87' lang='lat' dir='ltr'>ipse</span> <span class='ocrx_word' id='word_1_86' title='bbox 167 1881 252 1930; x_wconf 89' lang='lat' dir='ltr'>rure</span> <span class='ocrx_word' id='word_1_87' title='bbox 282 1882 406 1954; x_wconf 78' lang='lat' dir='ltr'>agene,</span> <span class='ocrx_word' id='word_1_88' title='bbox 435 1858 642 1930; x_wconf 91' lang='lat' dir='ltr'>Londiuum</span> <span class='ocrx_word' id='word_1_89' title='bbox 677 1858 848 1932; x_wconf 85' lang='lat' dir='ltr'>miseram</span> <span class='ocrx_word' id='word_1_90' title='bbox 879 1856 926 1930; x_wconf 90' lang='lat' dir='ltr'>ad</span> <span class='ocrx_word' id='word_1_91' title='bbox 958 1857 1128 1945; x_wconf 89' lang='lat' dir='ltr'>amicum,</span> <span class='ocrx_word' id='word_1_92' title='bbox 1159 1868 1202 1928; x_wconf 92' lang='lat' dir='ltr'>ut</span> 
     </span>
     <span class='ocr_line' id='line_1_14' title="bbox 55 1974 1202 2070; baseline 0.001 -25"><span class='ocrx_word' id='word_1_93' title='bbox 55 1974 253 2069; x_wconf 88' lang='lat' dir='ltr'>geometris</span> <span class='ocrx_word' id='word_1_94' title='bbox 281 1975 415 2046; x_wconf 88' lang='lat' dir='ltr'>nostris</span> <span class='ocrx_word' id='word_1_95' title='bbox 444 1975 587 2069; x_wconf 89' lang='lat' dir='ltr'>copiam</span> <span class='ocrx_word' id='word_1_96' title='bbox 616 1975 694 2068; x_wconf 91' lang='lat' dir='ltr'>ejus</span> <span class='ocrx_word' id='word_1_97' title='bbox 720 1975 868 2047; x_wconf 90' lang='lat' dir='ltr'>faceret.</span> <span class='ocrx_word' id='word_1_98' title='bbox 924 1974 1092 2070; x_wconf 90' lang='lat' dir='ltr'>Contigit</span> <span class='ocrx_word' id='word_1_99' title='bbox 1119 1997 1202 2068; x_wconf 91' lang='lat' dir='ltr'>pos·</span> 
     </span>
     <span class='ocr_line' id='line_1_15' title="bbox 56 2090 1200 2179; baseline 0.001 -17"><span class='ocrx_word' id='word_1_100' title='bbox 56 2090 166 2162; x_wconf 89' lang='lat' dir='ltr'>tridie</span> <span class='ocrx_word' id='word_1_101' title='bbox 200 2104 242 2161; x_wconf 94' lang='lat' dir='ltr'>ut</span> <span class='ocrx_word' id='word_1_102' title='bbox 272 2114 461 2163; x_wconf 89' lang='lat' dir='ltr'>erroneam</span> <span class='ocrx_word' id='word_1_103' title='bbox 488 2114 566 2163; x_wconf 89' lang='lat' dir='ltr'>esse</span> <span class='ocrx_word' id='word_1_104' title='bbox 592 2091 933 2179; x_wconf 88' lang='lat' dir='ltr'>animadverterem,</span> <span class='ocrx_word' id='word_1_105' title='bbox 965 2103 1003 2163; x_wconf 91' lang='lat' dir='ltr'>et</span> <span class='ocrx_word' id='word_1_106' title='bbox 1033 2090 1080 2162; x_wconf 93' lang='lat' dir='ltr'>ad</span> <span class='ocrx_word' id='word_1_107' title='bbox 1110 2114 1200 2163; x_wconf 91' lang='lat' dir='ltr'>eun-</span> 
     </span>
     <span class='ocr_line' id='line_1_16' title="bbox 57 2207 1200 2304; baseline 0.001 -25"><span class='ocrx_word' id='word_1_108' title='bbox 57 2208 141 2279; x_wconf 88' lang='lat' dir='ltr'>dem</span> <span class='ocrx_word' id='word_1_109' title='bbox 160 2207 287 2302; x_wconf 87' lang='lat' dir='ltr'>scripsi</span> <span class='ocrx_word' id='word_1_110' title='bbox 304 2207 540 2301; x_wconf 87' lang='lat' dir='ltr'>palinodiam.</span> <span class='ocrx_word' id='word_1_111' title='bbox 606 2209 695 2281; x_wconf 84' lang='lat' dir='ltr'>Erat</span> <span class='ocrx_word' id='word_1_112' title='bbox 712 2232 807 2281; x_wconf 89' lang='lat' dir='ltr'>unus</span> <span class='ocrx_word' id='word_1_113' title='bbox 825 2232 870 2281; x_wconf 85' lang='lat' dir='ltr'>ex</span> <span class='ocrx_word' id='word_1_114' title='bbox 888 2208 970 2294; x_wconf 82' lang='lat' dir='ltr'>illis,</span> <span class='ocrx_word' id='word_1_115' title='bbox 990 2207 1053 2304; x_wconf 95' lang='lat' dir='ltr'>qui</span> <span class='ocrx_word' id='word_1_116' title='bbox 1070 2207 1200 2280; x_wconf 92' lang='lat' dir='ltr'>vitium</span> 
     </span>
     <span class='ocr_line' id='line_1_17' title="bbox 56 2325 1200 2420; baseline 0.003 -24"><span class='ocrx_word' id='word_1_117' title='bbox 56 2325 154 2397; x_wconf 90' lang='lat' dir='ltr'>idem</span> <span class='ocrx_word' id='word_1_118' title='bbox 172 2326 312 2397; x_wconf 88' lang='lat' dir='ltr'>interea</span> <span class='ocrx_word' id='word_1_119' title='bbox 331 2325 468 2414; x_wconf 87' lang='lat' dir='ltr'>videns,</span> <span class='ocrx_word' id='word_1_120' title='bbox 483 2325 520 2398; x_wconf 93' lang='lat' dir='ltr'>id</span> <span class='ocrx_word' id='word_1_121' title='bbox 539 2325 638 2420; x_wconf 93' lang='lat' dir='ltr'>quod</span> <span class='ocrx_word' id='word_1_122' title='bbox 660 2326 767 2398; x_wconf 89' lang='lat' dir='ltr'>facile</span> <span class='ocrx_word' id='word_1_123' title='bbox 784 2326 886 2399; x_wconf 89' lang='lat' dir='ltr'>factu</span> <span class='ocrx_word' id='word_1_124' title='bbox 903 2338 995 2414; x_wconf 90' lang='lat' dir='ltr'>erat,</span> <span class='ocrx_word' id='word_1_125' title='bbox 1013 2325 1200 2400; x_wconf 85' lang='lat' dir='ltr'>refutavit.</span> 
     </span>
     <span class='ocr_line' id='line_1_18' title="bbox 57 2442 1200 2532; baseline 0.002 -17"><span class='ocrx_word' id='word_1_126' title='bbox 57 2442 331 2515; x_wconf 86' lang='lat' dir='ltr'>Refutationem</span> <span class='ocrx_word' id='word_1_127' title='bbox 366 2444 461 2515; x_wconf 86' lang='lat' dir='ltr'>hanc</span> <span class='ocrx_word' id='word_1_128' title='bbox 498 2444 536 2515; x_wconf 93' lang='lat' dir='ltr'>in</span> <span class='ocrx_word' id='word_1_129' title='bbox 571 2443 720 2516; x_wconf 90' lang='lat' dir='ltr'>archiva</span> <span class='ocrx_word' id='word_1_130' title='bbox 755 2443 961 2532; x_wconf 78' lang='lat' dir='ltr'>SocietatiS‚</span> <span class='ocrx_word' id='word_1_131' title='bbox 1005 2443 1115 2516; x_wconf 89' lang='lat' dir='ltr'>etiam</span> <span class='ocrx_word' id='word_1_132' title='bbox 1153 2444 1200 2517; x_wconf 88' lang='lat' dir='ltr'>ab</span> 
     </span>
    </p>
   </div>
   <div class='ocr_carea' id='block_1_3' title="bbox 55 2560 1201 3360">
    <p class='ocr_par' dir='ltr' id='par_1_3' title="bbox 55 2560 1201 3360">
     <span class='ocr_line' id='line_1_19' title="bbox 56 2560 1199 2654; baseline 0.003 -22"><span class='ocrx_word' id='word_1_133' title='bbox 56 2561 210 2632; x_wconf 88' lang='lat' dir='ltr'>authore</span> <span class='ocrx_word' id='word_1_134' title='bbox 231 2560 309 2654; x_wconf 92' lang='lat' dir='ltr'>ipso</span> <span class='ocrx_word' id='word_1_135' title='bbox 338 2560 549 2633; x_wconf 88' lang='lat' dir='ltr'>damnatam</span> <span class='ocrx_word' id='word_1_136' title='bbox 579 2585 658 2634; x_wconf 91' lang='lat' dir='ltr'>esse</span> <span class='ocrx_word' id='word_1_137' title='bbox 693 2562 862 2650; x_wconf 89' lang='lat' dir='ltr'>scientes,</span> <span class='ocrx_word' id='word_1_138' title='bbox 893 2561 1109 2634; x_wconf 88' lang='lat' dir='ltr'>retulerunt.</span> <span class='ocrx_word' id='word_1_139' title='bbox 1166 2562 1199 2635; x_wconf 96' lang='grc' dir='ltr'><strong>Ο</strong></span> 
     </span>
     <span class='ocr_line' id='line_1_20' title="bbox 55 2677 1201 2774; baseline 0.003 -26"><span class='ocrx_word' id='word_1_140' title='bbox 55 2677 231 2773; x_wconf 85' lang='lat' dir='ltr'>praeclare</span> <span class='ocrx_word' id='word_1_141' title='bbox 269 2677 407 2749; x_wconf 84' lang='lat' dir='ltr'>factum</span> <span class='ocrx_word' id='word_1_142' title='bbox 451 2692 488 2750; x_wconf 89' lang='lat' dir='ltr'>et</span> <span class='ocrx_word' id='word_1_143' title='bbox 521 2679 719 2774; x_wconf 84' lang='lat' dir='ltr'>generose!</span> <span class='ocrx_word' id='word_1_144' title='bbox 788 2679 926 2751; x_wconf 88' lang='lat' dir='ltr'>Verum</span> <span class='ocrx_word' id='word_1_145' title='bbox 962 2679 1014 2751; x_wconf 90' lang='lat' dir='ltr'>ita</span> <span class='ocrx_word' id='word_1_146' title='bbox 1054 2691 1123 2767; x_wconf 89' lang='lat' dir='ltr'>est,</span> <span class='ocrx_word' id='word_1_147' title='bbox 1157 2691 1201 2752; x_wconf 91' lang='lat' dir='ltr'>ut</span> 
     </span>
     <span class='ocr_line' id='line_1_21' title="bbox 56 2795 1200 2892; baseline 0.003 -25"><span class='ocrx_word' id='word_1_148' title='bbox 56 2796 265 2883; x_wconf 86' lang='lat' dir='ltr'>saevissime,</span> <span class='ocrx_word' id='word_1_149' title='bbox 297 2820 366 2868; x_wconf 92' lang='lat' dir='ltr'>nec</span> <span class='ocrx_word' id='word_1_150' title='bbox 394 2797 514 2868; x_wconf 92' lang='lat' dir='ltr'>minus</span> <span class='ocrx_word' id='word_1_151' title='bbox 543 2796 627 2868; x_wconf 92' lang='lat' dir='ltr'>dolo</span> <span class='ocrx_word' id='word_1_152' title='bbox 655 2820 764 2892; x_wconf 91' lang='lat' dir='ltr'>quam</span> <span class='ocrx_word' id='word_1_153' title='bbox 793 2797 940 2884; x_wconf 89' lang='lat' dir='ltr'>virtute,</span> <span class='ocrx_word' id='word_1_154' title='bbox 972 2795 1018 2868; x_wconf 94' lang='lat' dir='ltr'>de</span> <span class='ocrx_word' id='word_1_155' title='bbox 1043 2796 1200 2892; x_wconf 87' lang='lat' dir='ltr'>ingeniis</span> 
     </span>
     <span class='ocr_line' id='line_1_22' title="bbox 57 2909 1200 3012; baseline 0.002 -27"><span class='ocrx_word' id='word_1_156' title='bbox 57 2926 200 2985; x_wconf 87' lang='lat' dir='ltr'>certent</span> <span class='ocrx_word' id='word_1_157' title='bbox 218 2909 438 3012; x_wconf 72' lang='lat' dir='ltr'>viverrtes*.]</span> <span class='ocrx_word' id='word_1_158' title='bbox 496 2914 666 2987; x_wconf 87' lang='lat' dir='ltr'>Morieris</span> <span class='ocrx_word' id='word_1_159' title='bbox 685 2938 784 3010; x_wconf 90' lang='lat' dir='ltr'>ergo,</span> <span class='ocrx_word' id='word_1_160' title='bbox 809 2915 963 3010; x_wconf 88' lang='lat' dir='ltr'>inquies,</span> <span class='ocrx_word' id='word_1_161' title='bbox 985 2915 1084 2987; x_wconf 93' lang='lat' dir='ltr'>bono</span> <span class='ocrx_word' id='word_1_162' title='bbox 1107 2916 1200 3010; x_wconf 92' lang='lat' dir='ltr'>pub-</span> 
     </span>
     <span class='ocr_line' id='line_1_23' title="bbox 56 3031 1201 3127; baseline 0.002 -25"><span class='ocrx_word' id='word_1_163' title='bbox 56 3032 140 3102; x_wconf 90' lang='lat' dir='ltr'>lico.</span> <span class='ocrx_word' id='word_1_164' title='bbox 168 3031 228 3103; x_wconf 88' lang='lat' dir='ltr'>Sic</span> <span class='ocrx_word' id='word_1_165' title='bbox 246 3044 347 3127; x_wconf 91' lang='lat' dir='ltr'>puto,</span> <span class='ocrx_word' id='word_1_166' title='bbox 362 3031 426 3103; x_wconf 89' lang='lat' dir='ltr'>sed</span> <span class='ocrx_word' id='word_1_167' title='bbox 444 3056 518 3104; x_wconf 93' lang='lat' dir='ltr'>non</span> <span class='ocrx_word' id='word_1_168' title='bbox 532 3043 648 3120; x_wconf 89' lang='lat' dir='ltr'>tant0,</span> <span class='ocrx_word' id='word_1_169' title='bbox 663 3044 706 3104; x_wconf 94' lang='lat' dir='ltr'>ut</span> <span class='ocrx_word' id='word_1_170' title='bbox 723 3034 864 3105; x_wconf 90' lang='lat' dir='ltr'>obeam</span> <span class='ocrx_word' id='word_1_171' title='bbox 881 3056 1030 3106; x_wconf 89' lang='lat' dir='ltr'>causam</span> <span class='ocrx_word' id='word_1_172' title='bbox 1047 3032 1201 3105; x_wconf 88' lang='lat' dir='ltr'>debeam</span> 
     </span>
     <span class='ocr_line' id='line_1_24' title="bbox 56 3148 1199 3244; baseline 0.002 -25"><span class='ocrx_word' id='word_1_173' title='bbox 56 3172 132 3219; x_wconf 92' lang='lat' dir='ltr'>uno</span> <span class='ocrx_word' id='word_1_174' title='bbox 150 3149 291 3220; x_wconf 91' lang='lat' dir='ltr'>minuto</span> <span class='ocrx_word' id='word_1_175' title='bbox 307 3149 481 3244; x_wconf 91' lang='lat' dir='ltr'>temporis</span> <span class='ocrx_word' id='word_1_176' title='bbox 500 3148 608 3222; x_wconf 90' lang='lat' dir='ltr'>citius</span> <span class='ocrx_word' id='word_1_177' title='bbox 636 3150 728 3222; x_wconf 89' lang='lat' dir='ltr'>velle</span> <span class='ocrx_word' id='word_1_178' title='bbox 746 3151 851 3222; x_wconf 88' lang='lat' dir='ltr'>mori.</span> <span class='ocrx_word' id='word_1_179' title='bbox 902 3150 1075 3221; x_wconf 90' lang='lat' dir='ltr'>Vivamus</span> <span class='ocrx_word' id='word_1_180' title='bbox 1090 3173 1199 3244; x_wconf 91' lang='lat' dir='ltr'>quam</span> 
     </span>
     <span class='ocr_line' id='line_1_25' title="bbox 57 3263 1198 3360; baseline 0.003 -26"><span class='ocrx_word' id='word_1_181' title='bbox 57 3263 122 3335; x_wconf 92' lang='lat' dir='ltr'>diu</span> <span class='ocrx_word' id='word_1_182' title='bbox 140 3277 177 3335; x_wconf 90' lang='lat' dir='ltr'>et</span> <span class='ocrx_word' id='word_1_183' title='bbox 195 3287 305 3360; x_wconf 89' lang='lat' dir='ltr'>quam</span> <span class='ocrx_word' id='word_1_184' title='bbox 322 3265 415 3336; x_wconf 91' lang='lat' dir='ltr'>bene</span> <span class='ocrx_word' id='word_1_185' title='bbox 432 3288 646 3359; x_wconf 87' lang='lat' dir='ltr'>possumus;</span> <span class='ocrx_word' id='word_1_186' title='bbox 676 3276 712 3337; x_wconf 91' lang='lat' dir='ltr'>et</span> <span class='ocrx_word' id='word_1_187' title='bbox 731 3277 857 3338; x_wconf 92' lang='lat' dir='ltr'>mutuo</span> <span class='ocrx_word' id='word_1_188' title='bbox 870 3289 1043 3338; x_wconf 86' lang='lat' dir='ltr'>amemus.</span> <span class='ocrx_word' id='word_1_189' title='bbox 1098 3265 1198 3337; x_wconf 90' lang='lat' dir='ltr'>Vale.</span> 
     </span>
    </p>
   </div>
   <div class='ocr_carea' id='block_1_4' title="bbox 98 3592 963 3767">
    <p class='ocr_par' dir='ltr' id='par_1_4' title="bbox 98 3592 963 3767">
     <span class='ocr_line' id='line_1_26' title="bbox 98 3592 383 3651; baseline 0.004 -1"><span class='ocrx_word' id='word_1_190' title='bbox 98 3594 115 3627; x_wconf 71' lang='lat'>⁴*</span> <span class='ocrx_word' id='word_1_191' title='bbox 139 3592 188 3651; x_wconf 91' lang='lat' dir='ltr'>Sic</span> <span class='ocrx_word' id='word_1_192' title='bbox 201 3593 279 3650; x_wconf 89' lang='lat' dir='ltr'>Edit.</span> <span class='ocrx_word' id='word_1_193' title='bbox 299 3596 383 3651; x_wconf 88' lang='lat'>1668.</span> 
     </span>
     <span class='ocr_line' id='line_1_27' title="bbox 98 3690 963 3767; baseline 0.002 -19"><span class='ocrx_word' id='word_1_194' title='bbox 98 3690 115 3767; x_wconf 84' lang='lat'>†</span> <span class='ocrx_word' id='word_1_195' title='bbox 136 3691 172 3748; x_wconf 93' lang='lat' dir='ltr'>In</span> <span class='ocrx_word' id='word_1_196' title='bbox 187 3692 255 3749; x_wconf 91' lang='lat' dir='ltr'>edit.</span> <span class='ocrx_word' id='word_1_197' title='bbox 275 3694 345 3752; x_wconf 81' lang='lat'>1661</span> <span class='ocrx_word' id='word_1_198' title='bbox 364 3712 422 3750; x_wconf 93' lang='lat' dir='ltr'>non</span> <span class='ocrx_word' id='word_1_199' title='bbox 436 3694 629 3752; x_wconf 85' lang='lat' dir='ltr'>inveniuntur</span> <span class='ocrx_word' id='word_1_200' title='bbox 643 3693 733 3751; x_wconf 85' lang='lat' dir='ltr'>verba</span> <span class='ocrx_word' id='word_1_201' title='bbox 748 3693 830 3751; x_wconf 89' lang='lat' dir='ltr'>nucis</span> <span class='ocrx_word' id='word_1_202' title='bbox 843 3692 963 3750; x_wconf 86' lang='lat' dir='ltr'>inclusa.</span> 
     </span>
    </p>
   </div>
   <div class='ocr_carea' id='block_1_5' title="bbox 0 0 1480 5010">
    <p class='ocr_par' dir='ltr' id='par_1_5' title="bbox 0 0 1480 5010">
     <span class='ocr_line' id='line_1_28' title="bbox 0 0 1480 5010; baseline 0 0"><span class='ocrx_word' id='word_1_203' title='bbox 0 0 1480 5010; x_wconf 95' lang='lat' dir='ltr'> </span> 
     </span>
    </p>
   </div>
  </div>
 </body>
</html>
