2946 5010
351 433 664 488 mnsnnuanion
685 437 927 489 homanum.
1089 425 1154 489 141

121 600 234 690 sione,
265 603 421 699 exempli
455 627 576 693 causa,
607 612 754 694 2,6‚18‚
786 602 1021 677 concedimus
1048 605 1156 677 ambo
1196 627 1346 669 orimum

120 738 352 787 communem
369 715 676 812 multiplicantem
706 741 785 790 esse
811 726 845 807 3,
864 717 940 789 sive
965 718 999 789 R
1022 717 1097 790 sive
1116 718 1156 789 M
1199 709 1343 815 L

120 827 348 924 appellatur:
376 828 436 901 ille
454 840 577 902 autem
594 830 665 902 hoc
682 831 849 926 ampliuS,
867 831 1047 902 rationem
1071 839 1093 903 2
1112 830 1160 903 ad

119 949 142 1012 6
161 963 241 1013 esse
260 950 293 1014 3.
345 942 393 1014 Et
412 953 616 1037 propterea,
634 966 743 1036 quem
760 967 954 1016 numerum
972 966 1041 1039 ego
1060 967 1160 1016 com·

121 1076 268 1125 munem
303 1052 607 1148 multiplicantem
636 1078 740 1142 voco,
775 1054 935 1150 appellat
968 1054 1030 1126 ille
1060 1078 1160 1127 com-

120 1189 268 1239 munem
285 1166 475 1239 rationem.
514 1166 621 1239 Unde
638 1167 682 1238 fit
699 1180 740 1241 ut
758 1167 923 1239 nonnulli
934 1166 1031 1239 illius
1044 1167 1162 1239 secuti

120 1279 395 1367 authoritatem,
415 1280 592 1352 rationem
617 1292 750 1375 putent
776 1304 852 1352 esse
880 1303 1088 1368 numerum,
1106 1279 1162 1351 ni-

125 1393 258 1466 mirum
276 1393 503 1488 quotientem
519 1424 528 1477 ;
557 1392 654 1488 quod
668 1407 724 1467 est
738 1416 943 1466 erroneum.

172 1505 220 1579 B.
247 1507 327 1579 Imo
343 1530 431 1580 vero
444 1505 655 1579 absurdum.

171 1619 220 1692 A.
247 1617 363 1691 Video
380 1619 440 1690 hic
458 1619 624 1715 symbola
647 1618 694 1691 ab
722 1617 793 1690 illis
821 1618 954 1714 quibus
982 1619 1160 1693 hactenus

119 1755 207 1805 usus
224 1746 292 1821 est,
311 1730 563 1805 diversissima.

172 1844 221 1917 B.
249 1844 334 1916 Non
351 1855 438 1918 sunt
455 1845 518 1917 illa
546 1844 711 1942 symbola
738 1844 934 1940 algebriea,
953 1844 1019 1917 sed
1044 1844 1160 1917 literae

122 1957 302 2031 Arabicae.

172 2070 222 2145 Α.
248 2069 403 2165 Legitne
416 2069 477 2141 ille
491 2070 663 2159 Arabica,
677 2080 719 2141 ut
733 2069 911 2141 clericus?

169 2180 218 2255 Β.
244 2181 391 2254 Nescio.
418 2181 492 2253 Sed
504 2205 527 2253 a
539 2181 618 2254 viro
632 2180 843 2254 doctissimo
861 2193 899 2252 et
913 2179 1010 2253 illius
1023 2181 1159 2277 linguae

123 2295 345 2391 peritissimo
363 2307 514 2389 accepta
530 2294 624 2367 libro
642 2317 709 2366 suo
723 2293 841 2366 visum
859 2305 916 2365 est
928 2293 982 2366 illi
999 2295 1159 2368 Arabica

121 2410 202 2483 haec
235 2409 406 2481 inserere.
477 2407 574 2480 Nam
613 2406 896 2505 progressionis
922 2408 1161 2505 geometricen

122 2519 338 2620 exemplum,
350 2521 482 2616 inquit,
500 2519 657 2618 elegans
674 2528 984 2607 &tetrametram
1001 2530 1038 2592 et
1049 2521 1163 2617 forte

121 2635 278 2708 omnium
294 2634 467 2731 primum.
520 2633 738 2706 Ostenditur
755 2644 879 2706 autem
904 2632 975 2706 hoc
993 2633 1161 2728 exemplo

121 2749 160 2821 in
186 2771 297 2844 quam
324 2749 521 2820 immanem
541 2770 720 2819 summam
743 2770 809 2843 per
836 2770 971 2842 paucas
997 2747 1161 2845 duplica-

120 2861 241 2936 tiones
259 2861 437 2933 excrescit
453 2860 587 2932 unitas.

173 2975 222 3047 A.
249 2973 466 3047 Ostenditur
492 2989 671 3068 praeterea
701 2971 832 3069 legisse
860 2972 963 3045 illum
989 2972 1162 3046 Edwardi

120 3088 231 3184 primi
264 3097 456 3176 statutum,
485 3087 531 3158 de
566 3087 747 3159 ‚nemoris
778 3085 1017 3184 Angliconis,
1041 3097 1083 3158 ut
1117 3110 1161 3158 eo

121 3201 344 3297 transcripto
374 3201 562 3274 videretur
591 3200 701 3271 etiam
736 3199 876 3294 peritus
900 3199 1006 3294 juris.
1064 3198 1161 3271 Nam

120 3314 257 3410 absque
284 3313 352 3402 his,
382 3336 463 3408 quae
491 3312 537 3385 ad
572 3312 763 3384 scientiam
794 3311 1036 3384 arithmeticae
1069 3311 1161 3383 nihil

119 3427 320 3524 pertinent,
338 3440 449 3523 caput
463 3425 533 3499 hoc
551 3425 775 3497 tricesimum
790 3426 948 3520 primum
960 3423 1019 3496 vix
1044 3424 1162 3496 conti-

120 3552 226 3614 neret
237 3539 328 3612 duas
344 3539 508 3636 paginas.

170 3650 218 3724 B.
247 3653 353 3725 Datis
370 3653 537 3726 terminis
553 3653 673 3748 primo
692 3664 730 3724 et
743 3651 883 3739 ultimo,
903 3650 1087 3746 quomodo
1105 3651 1163 3722 in-

121 3767 280 3855 venitur,
317 3790 426 3862 quem
469 3766 550 3861 quis
586 3765 801 3861 postularet,
839 3765 1016 3837 terminus
1049 3765 1162 3837 inter-

120 3877 292 3953 medius?

171 3992 221 4064 A.
249 3991 347 4064 Dato
366 3989 515 4086 quidem
532 4013 685 4063 numero
707 3989 960 4076 terminorum,
977 3987 1160 4063 facillime.

123 4104 257 4180 Divido
272 4103 372 4177 enim
385 4102 555 4176 ultimum
573 4126 639 4199 per
651 4101 822 4198 primum,
841 4113 878 4172 et
897 4102 1065 4195 quotiens
1090 4101 1161 4174 erit

119 4229 288 4314 potestas
307 4217 430 4313 aliqua
458 4240 503 4288 ex
527 4213 830 4297 ascendentibus;
857 4237 999 4308 nempe,
1018 4213 1048 4285 si
1074 4214 1160 4286 ulti-

122 4355 206 4406 mus
236 4332 303 4404 fiat
330 4353 355 4402 a
379 4328 683 4425 multiplicatione
711 4326 880 4422 quadrati
903 4327 942 4401 in
966 4328 1163 4401 terminum
