2946 5010
452 448 704 504 onemcsrro
725 448 837 502 cunr.
1089 428 1160 508 507

122 620 297 718 angulum
315 631 457 693 rectum
474 620 514 692 in
530 619 715 715 triangulo
732 620 837 715 cujus
854 628 1049 715 utrumque
1065 616 1161 690 latus
1193 637 1345 679 eaor-111·

121 735 223 808 oiroa
250 733 426 830 angulum
453 743 595 806 rectum
613 732 751 829 aequale
780 744 835 805 est
858 731 965 806 lateri
988 730 1073 804 cubi
1090 729 1160 804 Ga.
1200 705 1345 743 ’μ’

123 848 221 921 Nam
238 847 412 920 subtensa
428 844 491 918 illa
508 845 658 941 duplum
672 857 796 941 potest
813 857 924 917 reetae
941 843 1010 917 Ga.
1037 843 1161 917 Quare

122 960 289 1058 potentia
315 958 485 1032 diametri
506 959 562 1031 Oo
580 957 756 1054 potentiae
777 957 873 1030 illius
898 958 1080 1030 subtensae
1107 967 1163 1030 est

124 1072 374 1170 sesquialtera.
426 1072 556 1169 Itaque
583 1071 758 1144 subteusa
776 1069 840 1144 illa
857 1084 913 1143 est
937 1069 1034 1142 latus
1050 1078 1163 1142 tetra-

124 1186 230 1262 hedri
243 1186 282 1259 in
295 1185 424 1258 eadem
435 1186 581 1283 sphaera
590 1183 756 1280 inscripti
766 1184 846 1279 (per
855 1182 957 1256 Eucl.
972 1183 1047 1257 xiii.
1067 1185 1136 1275 13).

176 1301 378 1387 Postremo,
414 1298 510 1371 latus
545 1296 735 1371 octahedri
769 1295 888 1370 eidem
922 1297 1075 1391 sphaerae
1108 1296 1165 1368 in·

125 1413 266 1508 scripti,
286 1424 341 1485 est
358 1411 418 1501 Al,
445 1411 522 1484 sive
549 1410 688 1484 chorda
710 1409 922 1507 quadrantis
950 1410 1099 1483 maximi
1127 1410 1166 1483 in

125 1525 254 1599 eadem
276 1525 420 1621 sphaera
448 1525 587 1614 circuli,
612 1526 716 1619 eujus
733 1523 952 1621 quadratum
976 1535 1032 1597 est
1057 1524 1166 1597 dimi-

124 1638 226 1710 dium
242 1637 413 1734 quadrati
430 1639 476 1710 ab
494 1635 572 1712 Oo:
597 1636 754 1733 ideoque
776 1636 874 1709 latus
894 1647 951 1709 est
976 1635 1167 1709 outahedri

126 1751 165 1824 in
179 1750 307 1824 eadem
326 1751 469 1848 sphaera
486 1750 653 1847 inscripti
673 1754 754 1846 (per
770 1749 874 1824 Euol.
891 1749 969 1823 xiii.
993 1750 1067 1843 14).

555 2025 750 2038 *—

554 2040 751 2057 —

132 2279 306 2352 Consus
324 2276 486 2350 libellum
503 2277 602 2351 huno
615 2277 755 2374 prodiit
770 2300 888 2372 nuper
903 2274 1116 2372 geometriae
1131 2275 1170 2348 in

132 2391 331 2465 Academia
348 2390 547 2464 Oxoniensi
560 2390 775 2487 professoris
797 2388 946 2487 publici,
963 2389 1060 2485 typis
1079 2389 1171 2462 Aca·

133 2504 294 2593 demicis,
328 2502 536 2576 Academiae
570 2504 608 2575 in
641 2503 760 2599 prima
788 2503 923 2599 pagina
951 2501 1171 2598 impressum

131 2618 271 2691 habens
296 2616 468 2713 sigillum,
495 2616 719 2690 confutatio:
754 2617 940 2706 nimirum,
968 2628 1012 2689 ut
1038 2615 1170 2689 scirem

132 2745 318 2805 certamen
347 2729 437 2804 mihi
459 2730 538 2804 fore
565 2743 698 2804 eontra
719 2730 961 2827 geometriam
978 2728 1172 2803 Academi·

132 2870 225 2919 eam.
278 2844 384 2923 Seios
410 2855 520 2941 atque
547 2844 659 2918 etiam
682 2855 811 2918 contra
833 2855 1040 2939 geometras
1067 2843 1172 2917 hodi-

133 2982 241 3033 ernos
257 2957 334 3032 fere
357 2958 559 3032 universos.
609 2957 726 3031 Video
753 2957 1046 3031 adversariorum
1069 2981 1173 3054 mug-

132 3095 222 3144 num
249 3072 460 3145 exercitum.
513 3071 552 3144 Si
582 3096 658 3144 non
687 3070 902 3157 rationibus,
920 3070 986 3143 sed
1014 3069 1173 3143 fustibus

133 3183 404 3258 decernendum
422 3196 529 3269 esset,
547 3197 761 3256 metuerem.
813 3183 848 3256 N
851 3206 924 3255 uno
941 3206 1016 3255 non
1034 3198 1171 3255 metuo.

135 3296 219 3369 Hoc
241 3294 351 3368 volui.
402 3295 565 3391 Dignum
595 3295 730 3368 habere
755 3294 1015 3382 adversarium,
1041 3295 1071 3368 si
1097 3319 1173 3368 non

133 3411 282 3498 uirtute,
300 3408 429 3481 saltem
457 3431 609 3480 numero
630 3408 741 3481 volui.
792 3407 901 3481 Volui
931 3408 1042 3481 etiam
1059 3408 1174 3482 arith-

134 3522 305 3595 meticam
326 3520 434 3594 istam
464 3518 668 3617 speciosam
688 3542 903 3615 provocare,
919 3532 962 3593 ut
978 3543 1062 3593 oum
1079 3543 1173 3616 prae-

135 3635 263 3731 stigias
290 3656 381 3727 quas
410 3632 450 3704 in
476 3632 678 3727 geometria
699 3633 820 3706 facere
846 3633 954 3706 solita
980 3646 1048 3722 est,
1067 3632 1175 3707 simul

136 3771 264 3823 omnes
289 3745 433 3841 publice
460 3758 691 3831 ostentasset,
717 3756 838 3818 totum
861 3745 952 3819 illud
977 3746 1175 3819 artificium

136 3861 321 3934 detectum
339 3882 362 3930 a
377 3856 579 3953 geometria
596 3857 869 3954 inperpetuum
886 3859 1107 3954 ablegarem.

417 4105 474 4157 AD
494 4105 835 4157 Psoeosl'rlonsnu
856 4107 884 4157 1.

185 4233 391 4307 Confitetur
413 4231 598 4329 professor
620 4230 887 4317 Academicus3
915 4232 945 4305 si
970 4231 1175 4321 Ponere

135 4360 222 4423 sunt
238 4346 403 4443 aqualia,
422 4357 543 4421 totum
561 4344 785 4443 triangulum
802 4345 911 4422 AYQ
939 4345 1077 4443 aequale
1095 4369 1174 4420 esse
