2946 5010
450 367 701 424 onnmcamo
722 365 833 421 cnm.
1090 348 1162 416 505

120 531 164 603 in
191 555 227 628 q,
246 529 315 604 erit
346 529 401 628 Bq
428 531 579 628 aequalis
601 531 681 613 Ae;
707 541 744 602 et
769 527 829 625 qb,
846 526 904 625 qG
927 526 1102 624 aequales:
1128 536 1166 599 et

122 667 210 717 cum
225 643 391 734 BG÷Ga,
415 644 478 718 BG
495 645 571 718 sive
589 642 743 743 Bq÷qb,
761 653 800 716 et
815 642 895 737 ipsa
912 640 969 737 Bq
986 640 1061 713 sint
1078 661 1165 711 con-

123 757 227 828 tinue
257 757 559 853 proportionales,
583 757 654 829 erit
678 767 720 828 nt
743 755 799 852 Bq
816 753 864 826 ad
882 752 928 850 qb
950 753 1004 826 ita
1028 752 1092 827 CG
1118 749 1166 824 ad

126 868 195 943 Ga.
246 869 369 943 Ducta
386 893 474 966 ergo
492 868 548 944 Bb
564 868 703 943 incidet
719 867 758 940 in
774 880 954 963 punctum
971 889 1008 940 o.

292 1355 294 1359 ’
416 1356 717 1432 DUPLICATIO
736 1352 866 1431 CUBI.

449 1677 699 1731 Pnol’osfflo
717 1678 792 1732 xn.

174 1807 296 1882 Latro
309 1805 391 1881 cubi
406 1807 563 1906 aphaerae
576 1805 859 1907 circumscripti,
873 1805 1038 1881 additum
1052 1804 1167 1882 lateri

125 1921 209 1997 cubi
222 1922 401 1996 incudem
418 1921 570 2020 apicem
587 1916 770 2019 imeripti,
784 1931 924 1995 rectam
940 1922 1166 1994 constituunt

125 2033 305 2133 aequalem
317 2034 611 2133 semiperimetro
629 2034 779 2107 maeimi
795 2034 834 2107 in
850 2033 1004 2132 sphaera
1019 2034 1164 2108 circuli.

176 2148 298 2221 Cubus
327 2148 425 2222 enim
455 2148 608 2244 sphaerae
639 2147 935 2244 circumscriptus
960 2148 1073 2222 habet
1097 2171 1166 2244 pro

124 2261 239 2334 latere
280 2258 355 2336 BG.
434 2260 501 2334 Est
539 2273 661 2333 autem
701 2258 767 2336 BG
801 2260 950 2356 aequalis
985 2260 1165 2333 diametro

126 2374 281 2471 sphaerae
299 2374 394 2446 cubo
411 2373 608 2469 inscriptae,
622 2372 726 2468 cujus
742 2372 839 2445 latus
856 2385 912 2445 est
927 2372 1007 2468 ipsa
1024 2369 1102 2447 BG.

176 2486 406 2569 Quadratum
431 2500 553 2559 autem
571 2509 594 2559 a
610 2483 677 2561 BG
701 2485 850 2582 triplum
875 2497 932 2558 est
949 2484 1119 2581 quadrati
1143 2506 1168 2558 a

125 2600 194 2674 Go.
247 2600 360 2673 Latus
377 2623 465 2695 ergo
483 2599 567 2672 cubi
581 2599 733 2695 sphaerae
746 2597 913 2694 inscripti
931 2609 985 2671 est
1000 2598 1079 2694 ipsa
1095 2597 1165 2671 Ga.

176 2712 250 2787 Sed
272 2727 470 2809 utrumque
494 2712 612 2802 simul,
631 2712 726 2786 latus
743 2713 828 2786 cubi
845 2712 1111 2809 circumscripti
1128 2723 1167 2785 et

124 2827 304 2923 inscripti,
326 2851 457 2923 nempe
481 2823 547 2901 BG
571 2838 609 2899 et
636 2825 705 2915 Ga,
724 2840 872 2899 ostensa
898 2836 985 2899 sunt
1011 2825 1167 2921 aeqnalia

125 2955 237 3013 rectae
254 2939 312 3028 Gi,
331 2964 412 3036 quae
430 2953 532 3012 recta
549 2950 698 3012 ostensa
715 2952 772 3011 est
788 2939 938 3033 aequalis
963 2939 1065 3011 arcui
1089 2936 1164 3011 BG.

126 3053 246 3124 Arcus
264 3066 388 3125 autem
403 3051 466 3124 BC
479 3051 628 3146 aequalis
645 3062 702 3123 est
714 3050 1002 3146 semiperimetro
1015 3049 1165 3122 maximi

126 3164 254 3236 circuli
267 3165 435 3260 inscripti
453 3166 547 3237 cubo
565 3164 669 3258 cnjus
687 3163 783 3235 latus
800 3174 856 3234 est
876 3161 950 3235 BG.

176 3277 292 3349 Recta
308 3278 373 3363 Aa,
392 3300 473 3371 qnae
491 3276 624 3349 transit
646 3299 712 3373 per
736 3275 1033 3348 intersectionem
1056 3298 1164 3348 arcus

125 3389 187 3463 CL
207 3403 245 3463 et
268 3403 377 3462 rectae
395 3389 456 3476 Ze,
476 3388 608 3462 transit
633 3412 699 3484 per
723 3399 876 3461 eaeteras
901 3411 1028 3461 omnes
1052 3388 1163 3461 inter-

125 3503 306 3576 sectiones
323 3525 474 3575 arcuum
492 3512 530 3574 et
554 3513 737 3574 rectarum
762 3501 921 3574 similes*
947 3514 985 3575 et
1012 3496 1165 3574 interae

126 3615 332 3711 aeqnalium.
386 3614 585 3687 Ostensum
602 3614 699 3686 enim
717 3626 784 3705 eat,
798 3614 955 3711 aequales
972 3637 1051 3688 esse
1068 3614 1166 3687 inter

125 3752 164 3801 se
181 3751 307 3801 arcum
321 3727 383 3800 CL
400 3738 438 3799 et
455 3737 594 3799 rectam
613 3727 676 3800 Zc.

121 3864 125 3871 ·
175 3840 415 3913 Manifestum
437 3839 526 3912 item
550 3852 606 3912 est
629 3840 764 3912 cubum
781 3862 803 3912 a
822 3839 887 3913 CG
905 3839 1056 3935 duplum
1083 3864 1164 3914 esse

126 3953 210 4027 cubi
227 3977 250 4024 a
262 3953 336 4037 Zc;
354 3966 393 4025 et
410 3952 544 4024 cubum
563 3976 586 4025 a
602 3952 653 4025 Zc
670 3952 821 4048 duplum
839 3976 917 4026 esse
936 3953 1019 4026 cubi
1037 3955 1083 4027 ab
1101 3954 1164 4040 eb;

126 4079 163 4140 et
177 4067 311 4138 cubum
328 4067 374 4138 ab
392 4062 435 4137 eb
453 4064 604 4162 duplum
623 4089 701 4139 esse
715 4065 799 4138 cubi
817 4089 840 4138 a
856 4064 906 4156 kl,
921 4066 996 4139 sive
1015 4066 1083 4139 Alc.

515 4279 532 4317 *
548 4276 598 4356 Sic
611 4277 680 4337 edit.
700 4279 784 4336 1669.

1204 554 1287 596 enon.
1303 555 1347 595 ιιι.

1204 622 1347 659 s-ru
