2946 5010
315 392 338 457 6
528 405 799 458 sxsmmamo
820 405 871 457 ur
889 405 1139 458 nmuuoamo

129 596 282 641 nrsroous
365 571 411 646 A.
439 571 514 646 Cur
528 595 617 667 ergo
635 572 673 644 in
691 571 749 644 his
766 571 882 667 magis
900 596 1011 668 quam
1029 573 1067 644 in
1085 571 1156 644 illis
1174 567 1358 642 desideras

125 680 273 784 *L
314 686 493 784 principia
508 685 520 757 l
571 687 631 758 An
646 686 676 758 si
689 695 963 759 assumerentur
978 685 1201 782 inphysicis,
1216 685 1358 771 ethiciS,

316 811 355 872 et
367 798 529 895 politicis
546 798 731 894 postulata
748 797 1029 895 petitionesque,
1042 799 1137 870 sicut
1148 798 1186 869 in
1198 796 1360 868 Euclidis

315 911 517 985 Elementis
535 912 772 1002 Geometriae,
798 935 890 985 eone
908 913 1090 985 firmiores
1109 911 1189 985 fore
1209 910 1361 982 demon-

316 1025 514 1098 strationes
537 1047 617 1098 esse
637 1024 811 1121 judicas?
863 1026 902 1098 Si
920 1025 973 1098 ita
986 1026 1142 1121 judicas,
1167 1038 1246 1097 toto
1267 1024 1361 1096 coelo

317 1161 430 1212 erras.
483 1138 579 1210 Sunt
596 1137 694 1210 enim
711 1162 756 1211 eo
772 1138 1004 1211 infirmiores.
1059 1137 1245 1233 Quicquid
1263 1137 1362 1209 enim

318 1251 517 1326 assumitur
533 1251 713 1347 precario,
731 1263 902 1324 naturam
914 1251 1014 1325 tollit
1027 1251 1362 1324 demonstrationis.

368 1362 416 1437 Β.
444 1363 615 1459 intelligo
628 1365 706 1459 jam
724 1363 812 1459 quid
830 1362 1028 1436 dicendum
1046 1375 1124 1436 erat
1138 1362 1316 1450 Wallisi0,
1333 1362 1364 1435 si

320 1477 539 1552 sententium
553 1500 657 1550 suam
669 1488 791 1568 ἀκριβῶς
804 1477 981 1550 voluisset
995 1477 1177 1573 explicare
1190 1508 1199 1560 ;
1219 1499 1365 1571 nempe,

320 1591 513 1665 scientiam
531 1615 642 1663 unam
667 1590 783 1663 altera
800 1614 919 1686 neque
936 1591 1130 1676 veriorem,
1154 1612 1274 1685 neque
1292 1589 1364 1661 evi·

321 1706 529 1779 dentiorem
547 1727 638 1793 esse,
662 1704 729 1777 sed
746 1703 916 1777 doctores
933 1704 1045 1777 ulium
1063 1703 1135 1777 alio
1152 1703 1365 1800 peritiorem

322 1841 414 1908 esse,
432 1817 471 1890 id
489 1829 558 1906 est,
576 1817 768 1890 veritatem
787 1818 904 1913 magis
921 1817 1141 1914 intelligere,
1156 1816 1286 1889 melius
1304 1814 1367 1887 de-

322 1943 542 2020 monstrare,
569 1954 592 2002 a
613 1930 716 2003 tricis
732 1931 929 2004 verborum
950 1930 1081 2003 melius
1104 1953 1246 2018 cavere,
1273 1929 1367 2002 etin

322 2045 403 2118 illas
421 2045 452 2116 si
465 2043 562 2117 forte
575 2043 726 2132 incidat,
740 2043 884 2116 facilius
902 2043 1041 2116 scinde
1056 2043 1236 2116 extricare
1248 2063 1367 2137 posse.

374 2157 422 2230 A.
449 2157 520 2229 Vix
536 2157 621 2229 ilem
638 2166 781 2229 maturo
797 2157 923 2255 magis
930 2156 1079 2251 judicio
1096 2156 1281 2253 quispiam
1298 2165 1368 2239 est,

325 2296 432 2372 quqm
455 2271 516 2366 qui
537 2268 646 2342 rebus
671 2269 773 2341 lu'sce
788 2269 998 2355 exercitali,
1022 2269 1084 2341 vel
1105 2268 1369 2364 soplimnutum

309 2380 676 2479 fallaciasfelr'cr'us
693 2379 860 2478 deleget,
877 2378 937 2452 vel
952 2379 1253 2477 syllogismorum
1270 2381 1371 2451 vires

314 2496 529 2589 justumque
553 2492 739 2588 sequelam
764 2493 1132 2588 campactum—Hoc
1153 2491 1302 2587 quidem
1324 2493 1370 2565 de

325 2606 535 2680 exercitatis
552 2605 591 2678 in
605 2606 714 2678 rebus
727 2606 827 2701 ipsis,
841 2628 967 2678 verum
982 2636 991 2688 ;
1019 2604 1085 2678 sed
1099 2604 1146 2677 de
1159 2607 1371 2679 exercitatis

326 2721 365 2793 in
382 2720 496 2807 libris,
514 2719 658 2792 falsum.

377 2832 427 2905 B.
453 2833 630 2929 Exemplo
654 2855 733 2905 esse
754 2843 879 2928 potest
900 2831 979 2927 ipsc
999 2831 1197 2905 Wallisius
1249 2832 1373 2928 Atque

327 2947 409 3020 haec
436 2946 594 3018 sufficiat
618 2957 767 3018 notasse
793 2945 832 3017 in
859 2945 1027 3018 oratione
1055 2946 1276 3042 inaugurali,
1302 2946 1373 3018 nisi

328 3058 429 3156 quod
438 3059 628 3155 praeterire
639 3082 715 3132 non
724 3081 875 3154 possum
885 3058 999 3131 verba
1009 3059 1106 3132 illius
1120 3059 1377 3144 haec—Quod

328 3196 401 3271 ego
414 3172 561 3245 interim
577 3196 647 3244 non
653 3170 871 3270 prosumo
886 3180 1026 3243 tastum
1040 3173 1288 3268 opto-Nam
1296 3196 1373 3270 pro

314 3286 454 3385 sormu
480 3309 553 3357 vox
579 3296 637 3357 cst
663 3283 893 3369 scholastica,
923 3307 999 3357 non
1022 3285 1167 3358 latina.
1219 3285 1375 3380 Reliqua

330 3422 416 3495 quae
432 3398 623 3472 summisse
640 3397 726 3493 legi,
743 3396 923 3493 vulgaria,
940 3398 1029 3470 vilia
1053 3422 1133 3471 esse
1156 3398 1264 3471 facile
1290 3422 1375 3471 cum

331 3512 479 3609 legebas
505 3511 584 3607 ipsc
610 3509 915 3584 animadvertisti
966 3511 1211 3585 transeamus
1229 3513 1308 3607 jam
1328 3511 1376 3584 ad

332 3624 537 3721 Epistulam
554 3623 841 3697 Dedicatoriam.

384 3738 431 3811 A.
461 3737 551 3810 Cum
574 3763 655 3833 qsae
680 3737 719 3809 in
735 3736 925 3834 pullicum
945 3737 1148 3834 prodeant,
1173 3762 1249 3835 pro
1276 3763 1378 3811 more

333 3851 493 3940 scillcet,
511 3875 624 3947 eoque
640 3851 737 3922 sutis
754 3850 971 3940 inveterato,
993 3851 1177 3924 umallis
1194 3853 1377 3950 lsscnptu

334 3963 479 4036 soleant
488 3963 802 4062 prodire—Non
815 3963 982 4060 intelligo
995 3964 1088 4037 haec.
1139 3968 1198 4039 An
1213 3967 1273 4038 ille
1288 3968 1377 4062 ipse,

336 4077 481 4174 quotics
508 4078 547 4150 in
576 4077 765 4174 publicum
793 4077 931 4173 prodit,
955 4078 1154 4174 inscriptus
1186 4084 1376 4171 (saiwam)

334 4190 487 4287 pmditl

385 4304 435 4376 B.
462 4304 522 4377 Ad
547 4329 675 4379 rocem
699 4304 798 4377 illam
820 4304 1014 4377 relativum
1043 4332 1134 4403 qm,
1159 4306 1379 4378 subaudien-

334 4417 424 4490 dum
441 4429 499 4490 est
515 4441 583 4513 pro
599 4417 853 4504 antecedente,
869 4442 945 4492 non
962 4419 1098 4508 omnic,
1114 4418 1180 4492 sed
1192 4420 1354 4516 scripta.
