2956 5018
369 425 450 492 482.
777 440 831 494 nn
850 441 999 494 urruns

177 629 342 674 ronanam
368 617 493 679 autem
519 608 644 681 malim
669 607 803 698 dicere,
820 621 865 683 ut
894 621 970 684 tres
998 606 1166 682 rationes
1192 604 1363 680 minoris
1385 602 1427 678 ad

184 699 326 735 »w
369 720 497 815 majus,
516 720 564 793 ad
582 721 672 795 duas
689 722 850 795 rationes
867 721 1018 796 minoris
1039 720 1129 794 item
1149 719 1201 792 ad
1222 721 1367 815 majus.

419 833 593 929 Sequitur
605 845 748 932 quarto,
761 846 900 910 rectam
915 836 966 907 Ba
979 856 1057 907 esse
1074 832 1122 906 ad
1136 833 1214 906 DX
1232 844 1284 906 nt
1299 830 1383 907 ond
1393 841 1423 907 2.

369 943 462 1018 Cum
480 947 578 1019 enim
598 948 817 1043 quadratum
835 974 857 1022 a
875 949 923 1026 Br
944 948 991 1021 sit
1007 947 1056 1021 ad
1072 945 1313 1044 quadratum
1330 970 1355 1019 a
1366 945 1426 1019 DC

367 1068 409 1131 ut
427 1065 476 1132 10
492 1059 540 1133 ad
563 1068 618 1149 16,
641 1060 680 1133 id
706 1073 761 1136 est
782 1071 825 1135 ut
850 1060 991 1150 tadu,
1015 1072 1055 1134 et
1080 1070 1121 1133 ut
1153 1059 1426 1154 quadratuma

369 1170 417 1248 ln
440 1171 488 1244 ad
505 1173 726 1268 quadratum
743 1199 767 1247 a
782 1174 859 1264 DC,
874 1175 927 1248 ita
943 1173 1023 1270 ipsa
1039 1173 1087 1246 ln
1112 1172 1222 1268 (quia
1242 1172 1424 1269 quadrata

368 1286 509 1358 suntin
528 1286 715 1385 duplicata
743 1289 886 1362 ratione
910 1287 1081 1380 laterum)
1101 1285 1150 1360 ad
1168 1285 1263 1375 DX,
1283 1286 1363 1359 erit
1378 1285 1425 1363 Bt

368 1397 416 1470 ad
433 1399 505 1472 DX
522 1413 565 1474 ut
583 1410 604 1474 5
623 1401 670 1474 ad
688 1411 734 1485 2;
762 1414 800 1475 et
829 1399 1049 1497 quadratum
1072 1397 1167 1475 aBt
1183 1397 1240 1472 ad
1266 1398 1423 1496 quadra·

369 1511 1027 1602 tumaDFut25adtl‚idestut
1050 1510 1424 1610 10ad13etipsam

370 1624 487 1703 Btad
509 1627 574 1700 DF
597 1637 640 1699 ut
663 1625 687 1699 l.
711 1626 949 1723 quuadrata
969 1624 1062 1698 adl.
1086 1630 1140 1698 1*.
1193 1627 1332 1722 Atque
1346 1626 1425 1700 hae

368 1751 477 1814 tenus
503 1740 651 1836 quidem
674 1739 805 1814 calculi
831 1740 1077 1836 geometricus
1098 1749 1137 1811 et
1158 1738 1425 1814 arithmeticus

370 1853 606 1929 consentiunt
623 1854 721 1927 inter
737 1876 776 1926 se
794 1866 931 1927 etcum
948 1851 1111 1926 Euclide.

420 1967 516 2039 Sunt
542 1979 666 2039 autem
689 1979 801 2040 reetae
828 1965 888 2040 Dlr
915 1966 989 2039 sive
1015 1963 1103 2054 DM,
1127 1960 1219 2052 DX,
1253 1963 1329 2038 DF
1356 1965 1427 2039 sire

369 2077 454 2165 DV,
469 2079 642 2152 continue
655 2078 959 2176 proportionales,
973 2088 1125 2174 propter
1142 2076 1426 2154 semicirculum

369 2190 498 2267 MXV.
539 2190 664 2265 Quare
681 2192 792 2265 etiam
810 2189 1010 2264 earundem
1028 2188 1211 2284 quadrata
1225 2203 1324 2264 sunt
1342 2216 1427 2266 cou-

370 2306 473 2380 tinue
496 2302 797 2400 proportionalia.
848 2303 964 2399 Atqui
981 2303 1012 2376 si
1035 2301 1273 2374 reducantur
1291 2305 1346 2378 ad
1363 2329 1427 2379 nu·

371 2440 505 2507 meros,
521 2417 666 2491 numeri
692 2417 745 2490 illi
762 2416 1056 2514 proportionales
1072 2438 1146 2488 non
1175 2427 1310 2491 erunt.
1365 2418 1428 2492 Est

372 2531 470 2604 enim
485 2530 706 2627 quadratum
717 2555 739 2602 a
752 2529 810 2603 Db
829 2538 883 2617 10,
899 2551 1055 2626 quorum
1069 2524 1301 2622 quadratum
1316 2555 1344 2604 a
1356 2528 1426 2605 DX

371 2654 428 2716 est
445 2641 517 2733 δὲ,
536 2655 573 2716 et
597 2643 815 2739 quadratum
838 2640 943 2714 aDF
963 2649 998 2712 4.
1065 2639 1139 2714 Qui
1164 2643 1322 2715 numeri
1355 2667 1428 2718 non

371 2767 457 2829 sunt
474 2754 777 2852 proportionales.
809 2753 1049 2827 Reducantur
1067 2753 1165 2825 enim
1184 2753 1235 2826 ad
1249 2778 1428 2831 numeros

372 2869 546 2962 integros,
571 2866 670 2963 quod
696 2868 761 2939 fiet
789 2866 1066 2963 multiplicando
1095 2864 1266 2961 singulos
1296 2894 1369 2966 per
1395 2881 1427 2944 5.

372 2982 475 3055 Facti
503 2995 626 3053 autem
658 2992 766 3052 erunt
793 2989 852 3065 50,
872 2990 931 3067 32,
950 2988 1011 3069 20,
1034 2978 1096 3075 qui
1122 2983 1429 3077 proportionales

372 3119 447 3170 non
478 3104 575 3168 sunt.
627 3094 722 3166 Sunt
748 3093 846 3166 enim
871 3102 930 3181 50,
950 3103 1010 3183 32,
1026 3090 1119 3184 20-22-
1138 3094 1324 3169 continue
1344 3122 1428 3194 pro

372 3208 617 3305 portionales;
656 3232 811 3305 quorum
851 3207 1023 3280 minimus
1062 3217 1118 3279 est
1153 3207 1260 3301 justo
1293 3213 1431 3307 major.

374 3322 555 3395 Continue
583 3323 670 3394 item
702 3320 994 3418 proportionales
1023 3329 1109 3393 sunt
1140 3315 1217 3407 DC,
1238 3318 1318 3411 Da,
1340 3323 1428 3412 DX,

373 3436 505 3531 quibus
522 3436 746 3531 respondent
762 3435 904 3508 numeri
925 3443 979 3522 16,
1000 3442 1055 3523 10,
1074 3428 1154 3522 6†};
1182 3431 1429 3533 qui'propor-

373 3549 529 3622 tionales
545 3572 621 3621 non
639 3558 735 3621 sunt.
787 3548 883 3620 Nam
906 3547 1050 3620 reducti
1072 3543 1119 3617 ad
1144 3544 1317 3640 integros
1336 3550 1431 3623 fient

375 3671 436 3752 80,
456 3671 515 3750 50,
534 3671 607 3744 32;
634 3662 695 3756 qui
713 3659 1002 3756 proportionales
1016 3682 1091 3732 non
1109 3667 1206 3729 sunt.
1265 3659 1430 3759 Propor.

374 3774 529 3848 tionales
558 3774 656 3847 enim
679 3786 765 3846 sunt
791 3781 850 3861 80,
870 3773 1031 3861 50,31t,
1059 3793 1215 3867 quorum
1244 3774 1428 3850 minimus

376 3902 433 3962 est
446 3889 547 3984 justo
565 3889 695 3961 minor.

426 4001 535 4075 Unde
552 4013 675 4074 autem
693 4000 854 4074 nascitur
866 4001 946 4074 haee
960 3997 1171 4096 geometriae
1188 4007 1227 4070 et
1245 4001 1430 4078 arithme-

375 4114 460 4188 ticae
486 4113 688 4189 dissentio?
741 4115 798 4188 Ab
816 4113 974 4210 eoquod
998 4112 1222 4186 subtendens
1241 4116 1430 4216 trianguli

376 4230 579 4324 rectanguli
614 4253 688 4302 non
715 4252 857 4324 semper
886 4237 1007 4322 potest
1034 4226 1148 4298 latera
1174 4225 1250 4299 duo
1267 4234 1433 4329 angulo

697 4466 713 4497 *
732 4463 779 4520 Sic
794 4464 861 4519 erlit.
881 4464 957 4519 1666
973 4471 1001 4519 et
1020 4463 1103 4518 1668.
