2946 5010
382 429 695 484 assessionem
715 432 958 485 homanum.
1135 421 1182 487 85

140 591 259 686 major
275 589 440 682 mimia,
462 619 543 668 eum
568 598 744 691 mojorem
771 597 923 671 metitur
940 598 1067 688 minor,
1086 624 1182 674 anne
1221 629 1373 674 »innocus

138 702 373 799 distinguunt
401 705 499 779 inter
524 706 729 806 multiplex,
750 709 865 805 (quod
883 721 939 783 est
956 709 1104 810 melchil

1103 713 1182 786 ico·
1221 712 1368 818 „L

136 819 251 910 tum),
268 829 308 890 et
325 816 569 917 multiplum?

185 929 237 1002 B.
265 928 351 1001 Non
385 944 485 1004 certe
518 932 589 1004 hoc
623 931 733 1015 loeo;
769 956 889 1030 neque
923 934 1043 1008 Graeci
1083 937 1182 1011 inter

134 1055 285 1115 διπλάσιον
314 1053 352 1115 et
380 1055 554 1115 διπλασίονα.
607 1044 705 1117 Nam
730 1044 761 1117 si
778 1045 962 1136 fecissent,
980 1071 1056 1120 non
1073 1066 1179 1120 πολλα-

132 1167 256 1226 πλάσιον
273 1155 424 1229 dixisset
441 1156 622 1246 Euclides,
640 1157 705 1230 Sed
721 1174 964 1230 πολλαπλασίονα.

186 1267 237 1340 Α.
265 1268 410 1342 Cretera
424 1269 519 1342 bene
538 1293 576 1343 se
594 1270 743 1343 habent.

191 1376 235 1452 Β.
263 1380 507 1455 Transeamus
536 1407 625 1479 ergo
655 1383 703 1455 ad
733 1382 963 1457 definitiones
994 1385 1177 1461 Elementi

134 1491 281 1567 decimi.

184 1607 236 1680 A.
263 1606 357 1681 Sunt
374 1619 411 1681 et
426 1608 499 1682 illae
516 1621 697 1684 accuratae
715 1633 852 1683 omnes.

183 1721 234 1793 B.
259 1721 469 1820 Antequam
485 1724 733 1820 progrediere,
752 1724 861 1796 velim
879 1723 978 1797 dicas
995 1723 1086 1796 mihi
1103 1747 1176 1820 quo

131 1832 219 1923 fine,
237 1833 312 1907 sive
340 1835 400 1908 cui
423 1836 520 1910 hono
549 1837 720 1910 Euclides
749 1837 979 1910 theoremata
1003 1835 1067 1909 illa
1092 1836 1177 1910 Ele-

131 1947 251 2021 menti
262 1947 393 2021 decimi
406 1948 619 2023 difficillima
631 1951 738 2023 nobis
751 1948 1027 2022 demonstravit.
1060 1949 1177 2023 Caete-

131 2083 194 2133 ras
211 2060 310 2133 enim
325 2062 539 2157 geometriae
565 2073 687 2158 partes
715 2086 842 2135 omnes
865 2061 948 2134 usui
971 2085 1049 2134 esse
1067 2061 1174 2135 video

131 2179 172 2247 in
190 2175 377 2248 communi
394 2175 480 2264 vita,
497 2188 563 2247 aut
589 2177 637 2249 ad
666 2176 934 2264 edificandum,
952 2186 1017 2248 aut
1037 2174 1086 2247 ad
1110 2199 1176 2249 na-

131 2287 346 2384 vigandum,
386 2299 450 2362 aut
485 2289 533 2361 ad
574 2289 772 2379 machinas,
806 2301 872 2363 aut
912 2289 960 2361 ad
994 2288 1175 2361 calculum

131 2401 322 2497 temporis,
350 2414 414 2475 aut
443 2401 492 2475 ad
519 2403 712 2499 picturam,
743 2414 808 2475 aut
838 2402 885 2474 ad
907 2401 1175 2497 philosophiam

131 2513 350 2603 naturalem,
369 2527 433 2588 aut
457 2514 615 2612 denique
643 2516 690 2588 ad
720 2514 870 2612 aliquid.
922 2513 991 2587 Cui
1007 2537 1094 2587 vero
1120 2514 1174 2587 rei

130 2627 312 2701 linearum
330 2628 408 2700 haec
425 2627 693 2700 irrationalium
706 2628 867 2724 cognitio
884 2627 1070 2718 inserviat,
1083 2653 1175 2702 non·

131 2737 222 2812 dum
234 2763 361 2813 cerno.
412 2739 496 2814 Scio
510 2764 593 2837 quae
608 2741 763 2837 pulchra
780 2751 878 2826 sunt,
895 2739 1057 2814 difficilia
1069 2764 1171 2824 esse;

130 2850 198 2926 sed
222 2865 266 2925 ut
281 2852 452 2943 vicissim,
472 2876 554 2948 quae
581 2853 743 2927 difficilia
769 2864 866 2942 sunt,
884 2852 996 2926 etiam
1017 2855 1173 2950 pulchra

130 2965 218 3056 sint,
235 2989 384 3040 necesse
400 2990 476 3040 non
493 2979 560 3040 est.

182 3079 233 3152 Α.
260 3079 344 3154 Quo
357 3080 429 3152 fine
442 3080 523 3153 haec
536 3079 801 3154 demonstravit
815 3089 915 3154 certe
932 3079 1079 3164 nescio;
1105 3079 1171 3153 sed

130 3190 221 3286 quin
238 3190 277 3264 in
295 3192 395 3265 omui
412 3215 452 3265 re
469 3192 607 3289 ingenii
628 3193 800 3289 splendor
823 3192 903 3289 ipse
930 3215 996 3288 per
1023 3215 1062 3264 se
1088 3193 1171 3289 pul-

128 3303 334 3378 cherrimus
356 3305 416 3395 sit,
444 3305 686 3379 dubitandum
710 3330 785 3379 non
811 3317 878 3379 est.
936 3305 1112 3378 Attamen
1138 3305 1169 3379 si

128 3415 276 3514 abipso
293 3440 403 3514 opere
427 3418 473 3491 de
500 3418 652 3491 consilio
676 3418 816 3514 opificis
843 3418 1025 3513 conjicere
1048 3416 1168 3507 liceat,

127 3530 286 3605 voluisse
301 3542 394 3629 puto
417 3531 620 3620 Euclidem,
638 3544 817 3629 quantum
841 3532 964 3628 potuit
989 3530 1168 3604 linearum

127 3644 293 3718 omnium
310 3646 349 3717 in
365 3644 505 3742 figuris,
520 3657 622 3717 certa
638 3657 677 3718 et
697 3646 846 3742 cognita
862 3645 942 3740 lege
966 3643 1168 3740 descripta-

125 3780 223 3845 rum,
241 3758 400 3832 rationcs
424 3770 638 3832 convertere
663 3757 702 3831 in
729 3758 890 3831 rationes
918 3780 1165 3832 numerorum.

127 3869 286 3945 Quodsi
303 3884 439 3945 natura
454 3871 534 3945 fieri
550 3895 657 3968 passa
676 3884 784 3960 esset,
809 3870 1037 3965 computatio
1067 3894 1166 3966 quae-

124 3983 216 4057 libet
248 3983 425 4057 facillima
457 3984 558 4057 facta
585 3995 693 4073 esset,
723 3984 909 4071 nimirum,
944 3982 983 4055 in
1024 3982 1166 4057 tabulas

124 4095 276 4193 digestis
295 4097 459 4171 omnium
476 4121 599 4170 rerum
617 4097 831 4170 rationibus.

172 4209 331 4284 Restant
361 4210 591 4284 definitiones
621 4210 801 4283 Elementi
820 4210 894 4292 xi.;
924 4208 997 4282 illae
1020 4233 1166 4306 quoque

122 4325 170 4401 sd
186 4328 428 4404 scientiarum
445 4328 678 4402 severitatem
695 4325 950 4402 exactissimae.
