2946 5010
135 602 205 643 CA?-
215 603 261 643 m.

128 671 274 705 ⁸-0-1

140 729 262 775 hun

311 395 386 462 224
586 405 866 459 murnum
883 405 1076 459 mures.

362 576 413 650 B.
439 576 496 650 De
511 576 621 649 reims
636 574 936 649 trunsruundanis
951 575 1044 648 nihil
1059 574 1148 646 scio.

364 690 416 762 Α.
442 688 544 763 Quid
571 687 620 762 de
647 689 900 786 experimento
1077 686 1354 774 Turrioelliuno,

313 803 496 900 probante
511 813 961 899 vacuumperargenturn
977 802 1115 889 vivum,
1131 799 1353 873 bocmodo?

314 914 783 1010 Qinfigmndpelvis
804 915 882 987 sive
903 913 1149 1002 aliudvas‚et
1174 914 1276 985 ineo
1297 936 1356 983 ar·

314 1027 866 1124 gentumvivumusqueadll.
916 1026 1221 1101 listautemCD
1244 1026 1356 1098 tubus

314 1142 456 1215 vitreus
485 1163 679 1230 uunoerus,
706 1140 869 1237 repletus
895 1165 1041 1237 quoque
1073 1153 1230 1236 argento
1257 1139 1356 1211 rivo.

316 1254 431 1328 Hunc
455 1253 587 1327 tubum
612 1254 644 1326 si
665 1253 783 1350 digito
799 1254 1039 1343 οὓωηνεής,
1062 1254 1295 1349 erexerisque
1316 1253 1357 1324 in

315 1391 403 1441 vase
414 1367 462 1456 A,
477 1390 702 1463 manumque
716 1367 924 1456 abstuleris,
941 1367 1140 1440 doeeeudet
1161 1379 1357 1461 argeutum

315 1478 548 1554 vimmaC:
564 1478 1356 1575 verumnoneffundeturtotuminpelrem,

316 1591 1186 1690 sedsistetsrrindistuutiuquadamutninD.
1221 1592 1358 1664 Nonne

316 1703 1229 1803 ergoneuessuriumestutparetubiintercet
1251 1703 1285 1775 D
1307 1704 1358 1775 sit

316 1819 459 1894 vacua?
508 1818 596 1892 Non
610 1818 723 1903 euim,
739 1829 842 1914 putu,
855 1821 1008 1915 neg-abis
1031 1821 1121 1917 quin
1146 1816 1357 1914 superficies

318 1933 401 2007 tubi
426 1955 600 2017 concava,
621 1942 662 2004 et
687 1932 833 2028 argenti
858 1933 934 2006 vivi
959 1957 1136 2022 convexa,
1159 1955 1200 2004 se
1228 1943 1358 2003 mutuo

320 2045 604 2142 exquisitissime
620 2046 851 2141 contingunt

369 2158 420 2232 B.
445 2160 525 2255 llgo
541 2179 661 2252 neque
676 2181 773 2255 nego
789 2168 1015 2248 contactum,
1037 2181 1158 2254 neque
1173 2157 1249 2229 vim
1268 2178 1360 2228 eon·

321 2273 521 2369 sequentiae
546 2272 726 2368 intelligo.
777 2270 818 2343 Si
842 2271 925 2367 quis
949 2272 990 2344 in
1015 2284 1211 2369 argentum
1234 2269 1360 2342 vivum

320 2383 421 2480 quod
437 2385 474 2457 in
494 2384 813 2459 vaseestvesicum
821 2383 1042 2458 immerserit
1049 2385 1226 2471 inflatam,
1236 2405 1360 2454 nonne

321 2497 396 2585 illa,
413 2508 537 2570 amota
549 2521 673 2585 manu,
690 2496 880 2591 emerget?

374 2610 423 2680 Α.
449 2610 508 2681 lta
524 2623 636 2697 certe,
654 2610 724 2681 etsi
741 2621 836 2680 esset
852 2609 975 2681 vesiea
991 2608 1122 2699 ferrea,
1139 2609 1197 2681 vel
1214 2634 1259 2681 ex
1282 2633 1360 2682 ma-

323 2722 417 2796 teria
435 2746 664 2818 quacumque
677 2734 812 2817 praeter
829 2745 971 2794 aurum.

376 2837 424 2908 B.
451 2837 562 2909 Vides
573 2836 686 2932 igitur
699 2836 745 2908 ab
759 2859 843 2907 aere
853 2836 1038 2931 penetrari
1049 2859 1155 2930 posse
1167 2848 1360 2931 argentum

325 2974 460 3022 vivum.

376 3064 425 3134 Α.
451 3062 597 3134 Etiam:
624 3071 661 3131 et
689 3059 837 3155 quidem
855 3061 918 3134 illa
941 3063 1021 3157 ipsa
1038 3063 1086 3151 vi,
1105 3086 1213 3158 quam
1231 3085 1253 3132 a
1270 3086 1362 3157 pon-

326 3175 412 3249 dere
429 3176 564 3269 accipit
581 3174 724 3268 argenti
741 3173 824 3245 vivi.

376 3287 422 3360 B.
450 3287 565 3360 Simul
585 3299 695 3381 atque
717 3300 911 3382 argentum
928 3287 1050 3360 vivum
1069 3286 1299 3361 descenderit
1314 3286 1363 3357 ad

326 3403 372 3490 D,
390 3401 497 3474 altius
521 3400 591 3472 erit
608 3400 647 3472 in
663 3424 750 3472 vase
768 3401 929 3495 Aquam
943 3415 1052 3475 ante:
1080 3402 1262 3485 nimirum,
1281 3401 1362 3495 plus

327 3515 470 3610 argenti
484 3514 557 3585 vivi
572 3515 641 3586 erit
658 3514 697 3586 in
707 3538 793 3586 vase
811 3539 921 3610 quam
939 3528 1018 3587 erat
1034 3529 1121 3588 ante
1136 3516 1361 3601 descensum,

327 3640 430 3701 tanto
449 3641 625 3724 qnantum
644 3628 743 3723 capit
760 3652 844 3725 pars
868 3629 947 3701 tubi
966 3629 1060 3701 CD:
1095 3641 1199 3701 tanto
1218 3651 1363 3724 quoque

327 3742 448 3813 minus
465 3741 535 3813 erit
552 3741 647 3812 aeris
661 3755 765 3813 extra
778 3742 919 3830 tubum,
934 3767 1045 3838 quam
1062 3755 1148 3814 ante
1166 3754 1254 3813 erat.
1299 3740 1364 3811 ssle

328 3866 450 3927 autem
478 3878 541 3926 aer
569 3854 633 3950 qui
659 3855 706 3926 ab
731 3867 883 3950 argento
900 3857 984 3927 vivo
1003 3856 1084 3927 loco
1107 3880 1173 3928 suo
1197 3867 1364 3927 extrusus

329 3980 396 4058 est,
434 3970 639 4065 (supposita
672 3970 833 4041 universi
864 3969 1122 4065 plenitudine),
1156 3995 1228 4066 quo
1264 3969 1364 4041 abire

328 4094 462 4178 potest,
480 4084 550 4155 nisi
563 4080 610 4154 ad
629 4107 712 4154 eum
726 4082 847 4154 locum
862 4083 923 4178 qui
941 4083 979 4154 in
1002 4083 1092 4155 tubo
1114 4084 1212 4154 inter
1230 4082 1259 4153 C
1276 4093 1313 4152 et
1331 4080 1364 4150 D

329 4218 352 4265 a
379 4193 556 4267 descensu
575 4194 719 4289 argenti
735 4195 810 4266 vivi
837 4195 1138 4291 relinquebatur?
1191 4194 1264 4267 Sed
1282 4217 1366 4288 qua,

330 4307 483 4402 inquies,
496 4309 557 4381 via
573 4308 611 4380 in
629 4307 731 4379 illum
749 4306 870 4381 locum
889 4332 1123 4382 successurus
1141 4307 1223 4381 est?
1267 4307 1363 4393 Qua,
