2946 5010
304 394 351 460 64
516 409 786 463 axaumamo
807 411 857 463 nr
876 409 1124 464 nunanamo

117 594 270 639 unrocus
303 599 429 649 vocem
453 575 601 650 unicam
617 577 762 652 definiri
785 602 859 652 non
876 590 1022 676 potest:
1048 601 1169 674 neque
1192 577 1342 653 omnino

116 677 260 781 ,L
301 690 526 774 necessaria;
553 690 623 763 nisi
646 690 745 763 enim
766 691 1070 765 intellexissemus
1087 689 1177 787 quid
1200 691 1250 765 sit
1266 701 1343 765 ter-

300 800 428 891 minus,
447 803 585 877 frustra
605 814 700 877 esset
718 802 883 878 definitio
900 805 1021 893 tertia,
1045 803 1109 877 ubi
1127 803 1219 877 dicit
1235 804 1343 880 linea

300 915 474 989 terminos
491 939 569 989 esse
583 926 736 1014 puucta.

348 1026 398 1100 A.
425 1027 600 1102 Definitio
615 1028 915 1124 decimaquarta,
929 1029 1100 1114 haeoest3
1113 1031 1341 1130 figuraest,

298 1164 379 1238 quse
407 1140 476 1214 sub
506 1141 633 1239 aliquo
663 1141 724 1217 uel
751 1141 940 1240 aliquibus
974 1142 1143 1216 terminis
1174 1167 1344 1242 compre·

297 1252 481 1328 itenditur.
536 1255 629 1330 Quae
653 1254 803 1353 quidem
818 1279 908 1329 vera
923 1267 992 1330 est.
1044 1256 1195 1330 Poterat
1217 1268 1342 1332 mmen

297 1365 395 1440 idem
426 1367 571 1443 brevius
601 1369 686 1456 dici,
719 1367 934 1466 magnitudo
962 1369 1137 1466 corporis
1166 1367 1216 1443 ab
1245 1370 1342 1444 oraui

291 1481 544 1577 partefinita.

347 1592 394 1664 B.
422 1593 553 1690 Neque
569 1617 657 1668 vero
674 1593 831 1690 intelligi
846 1602 981 1690 potest,
1008 1592 1056 1667 ad
1073 1593 1164 1691 quid
1179 1594 1341 1671 refertur

297 1706 492 1780 relativum
510 1731 599 1803 quae,
619 1707 690 1780 nisi
707 1706 754 1779 ad
771 1705 1076 1802 magnitudinem.
1126 1707 1340 1784 Absurdum

298 1819 397 1893 enim
419 1832 515 1893 esset
537 1819 671 1910 dicere,
686 1821 858 1918 figuram
878 1841 959 1891 esse
973 1819 1147 1916 figuram
1170 1843 1256 1918 quae
1270 1820 1340 1896 eud

297 1931 438 2030 aliquo,
455 1943 526 2006 etc.

348 2045 395 2121 A.
422 2044 808 2142 Decimaquintaest3
834 2041 998 2116 circulus
1010 2052 1069 2116 est
1069 2044 1208 2142 figura
1214 2045 1338 2144 plana

295 2158 363 2231 sub
379 2184 452 2232 uua
469 2158 567 2232 liuea
584 2157 858 2256 comprehense,
877 2182 958 2255 que
968 2155 1193 2255 peripheria
1208 2158 1340 2256 appel·

296 2269 425 2354 latur;
451 2272 628 2369 adquam
653 2268 702 2343 ab
717 2294 787 2342 uuo
809 2278 947 2367 puncto
974 2292 1099 2342 eorum
1124 2294 1207 2369 qum
1233 2271 1338 2345 iutra

283 2384 458 2481 figuram
485 2391 569 2456 suut
587 2381 734 2480 positu,
759 2381 932 2454 cadentes
955 2406 1077 2454 omues
1099 2392 1216 2456 rectce
1232 2382 1339 2460 liuere

295 2495 396 2568 iuter
411 2518 454 2566 se
466 2503 550 2566 suat
563 2492 738 2591 cequuks.
789 2493 964 2567 Definitio
977 2494 1069 2584 haec,
1088 2496 1158 2568 etsi
1170 2519 1261 2570 vera
1276 2498 1335 2588 sit,

295 2618 335 2679 et
357 2606 489 2679 modus
512 2605 742 2679 describendi
765 2606 944 2679 circulum
967 2607 1044 2679 sine
1063 2626 1337 2703 geometrarum

295 2742 366 2815 ope
383 2720 471 2792 satis
489 2719 671 2815 cognitae,
694 2743 762 2815 pro
780 2730 953 2792 accurata
973 2731 1097 2794 tamen
1114 2721 1245 2795 haberi
1261 2748 1336 2798 non

294 2830 416 2904 debet.
468 2831 607 2905 Debuit
634 2832 732 2905 enim
761 2832 965 2906 ostendisse
995 2834 1096 2928 prius
1124 2835 1337 2930 hujusmodi

293 2946 422 3039 figurae
439 2944 750 3017 constructionem
774 2945 850 3018 sive
870 2946 1147 3041 generationem
1166 2972 1335 3044 quaenam

293 3070 401 3147 esset,
418 3069 462 3131 ut
474 3058 648 3131 sciremus
661 3058 822 3155 aliquam
834 3058 874 3130 in
891 3082 1014 3131 rerum
1029 3071 1161 3133 natura
1176 3062 1335 3158 figuram

292 3195 383 3262 esse,
402 3173 533 3268 inqua
554 3171 601 3243 ab
618 3171 727 3244 unico
745 3180 883 3268 puncto
906 3170 955 3243 ad
976 3172 1104 3267 figurae
1128 3185 1335 3249 extremum

292 3310 420 3359 omnes
441 3285 685 3382 undequaque
710 3285 817 3358 lineae
841 3297 962 3357 essent
986 3285 1086 3357 inter
1105 3309 1144 3359 se
1161 3290 1333 3384 aequales.

292 3399 402 3474 Quod
421 3397 569 3495 quidem
585 3399 667 3488 illis,
686 3398 750 3494 qui
766 3421 956 3493 nunquam
978 3397 1156 3470 circulum
1175 3399 1333 3475 describi

290 3513 472 3600 viderant,
489 3511 606 3583 videri
622 3523 747 3607 posset
764 3509 989 3583 incredibile.

339 3625 389 3698 B.
417 3622 613 3699 Quomodo
632 3634 755 3697 autem
770 3623 999 3698 definiendus
1016 3634 1071 3697 est
1088 3624 1249 3701 circulus
1267 3651 1333 3725 per

289 3737 565 3834 generationem
579 3735 591 3807 i

338 3849 386 3925 A.
415 3848 586 3923 Circulos
611 3860 667 3922 est
680 3851 819 3948 figura
846 3845 1041 3946 descripta
1059 3872 1137 3947 per
1155 3849 1276 3942 liuere,
1294 3853 1331 3926 ia

281 3961 400 4060 plano
427 3963 623 4036 eaisteutis
648 3972 686 4036 et
710 3963 814 4057 cujus
838 3984 930 4031 uurrs
956 3961 1134 4034 terminus
1161 3965 1329 4060 quiescit,

289 4075 642 4149 circumductionem.
694 4075 779 4149 Qua
795 4073 969 4146 methodo
993 4073 1193 4150 definiendi
1213 4080 1331 4153 utitur

288 4187 399 4260 etiam
434 4188 605 4262 Euclides
639 4187 678 4260 in
713 4185 926 4260 definitione
960 4185 1128 4284 sphera,
1163 4192 1260 4284 acui,
1294 4203 1330 4266 et

286 4298 459 4396 cylindri.
