2946 5010
476 430 812 485 onounruanuu.
1090 414 1163 480 419

127 608 176 671 tae
193 596 279 686 sint,
297 598 373 672 sive
390 622 464 672 non
481 599 565 673 sint.
617 598 746 693 Itaque
764 596 827 693 qui
849 597 941 670 tales
964 607 1085 670 motus
1103 621 1162 671 ex-

127 710 355 806 cogitaverit,
372 710 661 808 proportionalia
678 711 757 806 ipsa
780 709 1049 799 determinabit,
1075 710 1164 784 duc-

127 822 246 918 tisque
264 823 368 897 lineis
384 823 493 896 rectis
511 822 770 897 determinabit
787 833 1018 919 exponetqne
1035 823 1162 896 oculis.

175 936 290 1008 Factu
307 950 429 1009 autem
449 937 594 1009 difficile
611 960 686 1008 non
703 946 770 1009 est.
809 935 918 1008 Nosti
935 937 1043 1024 enim,
1062 949 1164 1012 motu

126 1047 201 1121 sive
219 1049 333 1122 ductu
356 1050 462 1124 lineae
479 1049 652 1123 uniformi
677 1061 801 1144 partes
828 1048 934 1122 lineae
961 1049 1163 1146 descriptas

125 1162 324 1257 aequalibus
347 1162 583 1258 temporibus
601 1185 746 1257 semper
762 1184 841 1235 esse
859 1162 956 1234 inter
980 1185 1019 1234 se
1044 1187 1165 1259 aeqna-

124 1272 190 1347 les.
225 1275 318 1347 Item
337 1275 368 1347 si
385 1274 482 1348 linea
498 1273 682 1368 descripta
699 1275 747 1346 sit
764 1273 891 1347 eadem
908 1297 1051 1370 semper
1064 1276 1163 1349 velo-

125 1385 249 1474 citate,
267 1398 391 1484 partes
409 1387 487 1482 ejus
505 1387 707 1480 aequalibus
724 1387 952 1484 temporibus
969 1387 1163 1485 descriptae

124 1523 202 1572 esse
216 1500 327 1574 etiam
344 1500 442 1573 inter
459 1523 499 1574 se
517 1500 686 1595 aequales.

176 1613 233 1686 Sit
251 1628 354 1686 recta
370 1613 436 1687 AB
455 1613 640 1708 descripta
666 1626 770 1688 motu
824 1671 841 1706 Α
982 1626 1000 1663 ⁰
1147 1629 1163 1664 ¹³

123 1725 311 1817 uniformi,
343 1727 381 1799 in
414 1738 580 1822 tempore
608 1748 770 1821 quocun-

124 1866 216 1936 que:
236 1856 274 1915 et
291 1844 329 1916 in
346 1855 451 1940 parte
469 1843 592 1938 aliqua
609 1842 772 1938 ejusdem
897 1879 912 1915 ι

123 1961 310 2054 temporis,
329 1960 458 2035 eodem
475 1974 579 2034 motu
598 1959 773 2033 uniformi

125 2076 309 2172 descripta
325 2078 374 2151 sit
391 2078 458 2151 ΑΙ)
472 2102 557 2174 pars
570 2088 680 2151 rectae
695 2077 772 2150 AB.
989 2116 1003 2151 ο

125 2189 308 2263 Quoniam
336 2213 425 2288 ergo
452 2202 573 2264 motus
600 2190 794 2264 uniformis
821 2189 966 2263 eratin
993 2190 1161 2263 omnibus

123 2302 290 2399 partibus
307 2303 508 2399 aequalibus
525 2303 712 2398 temporis,
731 2302 927 2398 descriptae
951 2315 1060 2377 emnt
1076 2328 1161 2400 par-

123 2429 180 2490 tes
197 2416 355 2512 aequales
372 2427 452 2490 tum
475 2416 589 2490 totius
610 2427 721 2490 rectae
738 2418 817 2503 AB,
834 2429 914 2490 tum
937 2428 1050 2490 rectae
1067 2416 1159 2489 AD:

123 2530 198 2603 sive
225 2529 295 2602 illae
319 2541 443 2625 partes
470 2529 541 2603 toti
563 2529 629 2602 AB
657 2528 742 2618 sint,
759 2529 819 2603 vel
848 2553 924 2602 non
951 2529 1038 2617 sint,
1063 2553 1162 2603 com·

122 2642 394 2720 mensurabiles.

173 2756 312 2829 Eodem
331 2766 507 2852 tempore,
524 2766 628 2829 motu
644 2754 818 2829 uniformi
834 2756 982 2854 quidem
999 2770 1041 2832 nt
1062 2769 1159 2848 ante,

124 2868 188 2943 sed
214 2867 388 2960 tardiore,
412 2870 461 2942 sit
486 2866 670 2965 descripta
694 2880 797 2941 recta
816 2871 892 2961 AC,
914 2870 1052 2946 faciens
1076 2896 1161 2946 cum

125 2982 190 3056 AB
217 2983 391 3079 angulum
415 3006 670 3079 quemcunque
697 2982 811 3056 BAC:
838 2995 875 3058 et
898 3008 971 3081 qno
996 2997 1160 3082 tempore

125 3095 308 3192 descripta
321 3108 400 3169 erat
414 3096 493 3183 AD,
506 3095 633 3169 eodem
649 3095 877 3191 intelligatur
891 3096 1074 3194 descripta
1083 3100 1159 3173 ΑΕ.

126 3206 250 3280 Quare
268 3208 305 3280 in
322 3209 433 3280 rectis
446 3208 523 3296 AC,
534 3209 611 3297 ΑΕ,
629 3231 697 3303 pro
713 3208 879 3303 partibus
897 3210 973 3281 sive
985 3211 1162 3305 portioni-

124 3319 193 3391 bus
210 3319 365 3415 sumptis
389 3320 427 3392 in
445 3321 522 3409 AB,
540 3321 729 3416 portiones
746 3321 904 3415 aequales
929 3345 1073 3418 semper
1097 3323 1161 3395 de·

125 3431 333 3504 scribentur
366 3433 405 3504 in
435 3433 524 3506 AC:
562 3432 691 3506 eodem
731 3432 842 3506 modo
876 3457 950 3530 quo
983 3447 1064 3509 tota
1096 3438 1162 3511 AB

125 3544 323 3640 respondet
340 3546 409 3618 toti
427 3545 503 3634 AC,
522 3557 560 3618 et
575 3569 661 3641 pars
678 3546 747 3619 ΑΙ)
764 3547 861 3642 parti
877 3546 958 3620 ΑΕ.

176 3659 377 3731 Habebunt
399 3682 488 3755 ergo
515 3671 638 3755 partes
656 3661 812 3757 aequales
837 3659 946 3734 factae
964 3662 1163 3758 aequalibus

125 3772 350 3867 temporibus
368 3772 405 3845 in
424 3772 489 3846 AC
505 3773 553 3846 ad
570 3785 693 3869 partes
710 3774 867 3872 aequales
883 3775 999 3849 factas
1017 3777 1164 3871 aequali-

124 3884 194 3957 bns
221 3887 447 3981 temporibus
473 3888 511 3959 in
529 3886 594 3958 AB
617 3885 771 3959 eandem
800 3886 992 3975 rationem,
1011 3889 1164 3985 singulae

124 3996 173 4070 ad
190 3997 363 4096 singulas,
378 4023 487 4095 quam
504 3999 616 4074 habet
632 4010 713 4073 tota
725 3999 790 4072 Ac
801 3999 848 4073 ad
866 4012 982 4073 totam
996 4001 1074 4086 AB,
1088 4002 1164 4073 sive

125 4110 236 4184 etiam
250 4135 361 4208 quam
378 4112 489 4185 habet
501 4114 566 4185 ΑΕ
583 4112 631 4186 ad
644 4113 724 4186 AD.
759 4114 880 4186 Etiam
899 4126 1023 4210 partes
1038 4139 1164 4188 omnes

125 4225 326 4321 aeqnalibus
342 4226 567 4322 temporibus
584 4226 693 4300 factoe
710 4226 749 4298 in
767 4226 842 4314 Ec,
869 4226 1093 4318 (differentia
1109 4229 1165 4302 in-

125 4346 183 4410 ter
200 4337 276 4428 AC,
295 4338 391 4432 ΑΕ),
407 4337 455 4411 ad
481 4351 603 4435 partes
620 4361 748 4412 omnes
765 4339 967 4438 equalibus
990 4342 1166 4437 tempori-

949 4476 1051 4527 nna

1206 618 1274 659 CAP·
1290 619 1345 659 111.

1205 687 1347 721 -eu

1207 747 1241 790 De
1250 745 1328 790 iisdem

1205 811 1333 856 neonium
