2946 5010
339 428 666 483 ‘unruumnmcm
686 431 934 484 nonrunnm.
1144 414 1168 481 9

122 606 322 695 potestates
333 597 650 695 ‘significabantur
666 623 689 671 a
705 599 932 695 Diophanto,
950 617 1026 669 non
1048 604 1170 669 essent
1204 619 1356 664 numam

123 709 302 807 symbola.

173 821 221 896 B.
250 821 374 896 Quid?
427 823 576 897 Nihilne
605 822 750 896 addidit
780 823 940 919 algebrae
956 820 1079 909 Vieta,
1105 819 1172 893 sed

122 948 292 1009 veterum
312 946 422 1008 notas
448 960 532 1009 cum
559 936 674 1009 literis
701 936 887 1032 alphabeti
909 944 1052 1008 tantum
1071 957 1171 1006 com-

125 1048 309 1122 mutavit?

176 1162 225 1235 A.
254 1161 356 1235 Nihil
373 1162 535 1236 omnino.

176 1273 223 1346 Β.
251 1275 325 1348 Sed
341 1279 457 1372 ipsam
481 1288 599 1350 artem
616 1278 692 1350 siva
709 1277 936 1365 methodum,
955 1299 1028 1372 qua
1044 1300 1068 1348 a
1084 1298 1172 1372 aup-

119 1389 249 1488 poaito
274 1388 319 1461 ad
339 1389 530 1486 quaesitum
542 1390 602 1463 via
617 1391 832 1464 brevissima
849 1390 1073 1488 pervenitur,
1092 1388 1173 1484 quis

127 1502 352 1597 excogitavit
368 1501 508 1597 primus
523 1501 536 1573 i

177 1612 222 1686 A.
250 1614 410 1698 Nescio;
446 1615 517 1687 nisi
546 1639 672 1688 verum
704 1618 764 1706 sit,
794 1615 895 1714 quod
927 1615 1078 1688 memini
1113 1638 1174 1688 me

127 1726 262 1800 alicubi
285 1726 429 1822 legisse,
452 1726 564 1800 fuisse
582 1729 742 1802 Arabem
772 1728 954 1826 quendam
972 1727 1172 1817 Ghebrnm,

128 1865 151 1913 a
175 1864 248 1937 quo
278 1840 389 1912 etiam
415 1852 531 1912 artem
555 1839 684 1937 ipsam,
708 1842 738 1914 si
764 1842 874 1916 modo
900 1866 959 1914 ars
985 1841 1033 1913 sit
1049 1841 1173 1936 potius

130 1977 241 2049 quam
264 1976 381 2044 casus,
406 1950 677 2026 denominatam
704 1977 784 2027 esse
800 1953 1017 2051 Algebram.
1070 1952 1175 2048 Sym·

129 2066 215 2139 bola
231 2065 381 2162 quidem
399 2065 544 2149 addere,
562 2067 793 2156 subtrahere,
809 2065 1065 2161 multiplicare,
1085 2065 1177 2137 diri·

131 2178 218 2251 dere
234 2177 410 2266 binomia,
430 2177 614 2266 trinomia,
633 2191 718 2266 eta,
737 2179 826 2251 artis
846 2201 925 2251 esse
941 2176 1073 2265 fateor,
1101 2200 1176 2250 non

132 2315 289 2387 magnae.
343 2291 417 2364 Sed
433 2303 476 2363 ut
492 2315 537 2362 ax
555 2291 744 2387 supposito
773 2291 981 2364 inveniatur
1011 2290 1050 2363 id
1076 2288 1177 2386 qnod

132 2404 410 2501 quaeritur,nisi
438 2405 476 2476 in
503 2403 688 2476 facillimis
719 2405 996 2499 quaestionibus,
1022 2402 1062 2475 id
1089 2424 1178 2474 vero

129 2541 305 2614 pernego.
358 2517 459 2592 Quid
476 2518 573 2590 enim
585 2519 752 2614 magistri
766 2518 977 2615 symbolicae
989 2515 1178 2590 hodiernoe

132 2632 293 2720 maximi,
308 2630 545 2727 Ougthredus
564 2643 601 2704 et
619 2632 816 2722 Cartesius,
829 2632 929 2705 alind
945 2630 1177 2728 praecipiunt,

130 2769 241 2841 quam
263 2756 306 2817 nt
328 2769 397 2841 pro
416 2746 620 2840 quantitate
648 2747 804 2843 quaesita
834 2769 1083 2842 supponamus
1111 2744 1178 2817 ali-

133 2881 244 2956 quam
261 2882 306 2931 ex
324 2857 519 2953 alphabeto
537 2857 694 2946 literam,
713 2872 750 2932 et
767 2860 854 2932 inde
871 2870 964 2958 apta
982 2858 1179 2932 ratiocina-

131 2971 233 3044 tione
246 2970 487 3067 procedamus
498 2971 546 3043 ad
560 2971 847 3067 consequentia?
886 2973 938 3044 At
952 2973 982 3045 si
996 2995 1056 3045 ars
1070 2981 1179 3058 esset,

132 3083 313 3158 deberent
340 3107 509 3178 qnaenam
541 3083 590 3156 sit
619 3084 681 3156 illa
711 3093 806 3182 apta
836 3085 1068 3158 ratiocinatio
1099 3084 1181 3181 ipsa

133 3197 336 3271 ostendere.
378 3196 488 3272 Quod
499 3221 582 3270 cnm
598 3220 672 3269 non
685 3197 1056 3293 faciant,algebristae
1069 3197 1180 3270 modo

133 3310 180 3383 ab
197 3334 272 3382 uno
290 3310 492 3406 supposito,
509 3309 621 3382 modo
647 3310 695 3382 ab
722 3309 793 3383 alio
820 3311 995 3406 incipere,
1015 3322 1054 3383 et
1070 3310 1180 3384 modo

133 3447 257 3508 unam,
275 3424 386 3496 modo
404 3424 513 3497 aliam
530 3424 627 3496 viam
653 3423 810 3519 ingredi,
829 3435 1025 3520 coguntur.
1079 3423 1180 3496 Adeo

132 3549 279 3609 utnon
309 3527 432 3609 minus
450 3536 605 3609 fortuito
631 3537 825 3633 quaesitum
852 3537 1054 3625 inveniunt,
1070 3559 1181 3632 quam

135 3650 166 3721 si
184 3649 265 3745 quis
282 3650 321 3721 in
339 3649 520 3738 cubiculo,
535 3652 657 3745 jussus
671 3648 776 3721 initio
800 3649 899 3721 facto
918 3674 940 3722 a
957 3648 1082 3721 limine
1099 3647 1180 3720 dili-

134 3774 268 3857 genter
294 3773 415 3835 totum
441 3761 650 3834 cubiculum
674 3761 827 3834 intentis
850 3761 966 3833 oculis
992 3773 1031 3831 et
1057 3761 1180 3833 animo

1210 702 1355 807 »L

134 3898 362 3971 percurrere,
373 3875 553 3948 inveniret
570 3875 744 3948 latentem
760 3874 949 3947 aciculam.
989 3873 1180 3961 Praeterea,
1298 3956 1302 3966 Δ

134 3987 378 4082 logarithmos
396 3989 583 4061 invenitne
602 3986 771 4082 Neparns
789 4010 858 4082 ope
876 3986 1060 4081 algebrae?
1104 3988 1182 4060 Aut

136 4102 199 4196 qui
229 4125 408 4173 canonem
437 4101 602 4174 condidit
628 4101 785 4188 sinuum,
813 4100 1057 4194 tangentium,
1071 4112 1109 4173 at
1126 4123 1182 4172 se-

136 4214 312 4302 cantium,
347 4237 413 4309 per
447 4214 717 4286 arithmeticam
758 4211 960 4308 speciosam
994 4212 1033 4285 id
1066 4210 1182 4284 fecit?

138 4327 307 4424 Denique
326 4351 408 4423 quae
425 4326 630 4424 propositio
653 4326 805 4399 inventa
821 4348 888 4422 per
904 4324 1089 4421 algebram
1109 4347 1185 4397 non
