2946 5010
362 438 675 491 MATHEMATICAE
695 438 938 491 nonium.
1113 423 1158 490 21

122 616 160 679 et
190 605 404 680 discretam.
474 607 602 703 Itaque
637 616 680 680 ut
712 606 913 684 rationem,
929 604 977 678 ad
1013 604 1162 702 aliquod
1198 626 1348 672 hramous

123 720 372 814 quantitatum
405 744 521 816 genus
547 719 716 811 referam,
751 721 935 816 quantitas
966 718 1163 792 dividenda
1200 711 1342 817 ,ξύ

122 834 234 906 estin
251 833 455 906 absolutam
473 846 511 905 et
527 833 728 906 relativam.
776 833 953 906 Absoluta
970 843 1026 904 est
1044 831 1164 929 longi-

122 945 274 1035 tudinis,
292 937 508 1042 superfioiei‚
527 945 634 1019 solidi
660 945 848 1042 temporis
874 956 1008 1035 motus,
1032 969 1097 1041 per
1124 969 1164 1019 se

123 1058 356 1132 considerata
372 1061 570 1155 quantitas
605 1059 774 1132 Relativa
796 1071 864 1148 est,
895 1082 968 1155 qua
992 1057 1165 1131 determi-

122 1183 234 1245 natur
247 1185 384 1267 quanta
401 1173 449 1245 sit
467 1173 640 1268 quaelibet
658 1172 841 1246 dictarum
858 1172 1164 1268 magnitudinum,

122 1296 166 1357 ut
187 1299 399 1382 comparata
421 1310 506 1359 oum
530 1286 601 1359 alia
630 1287 794 1383 ejusdem
822 1287 977 1383 generis.
1022 1285 1164 1359 Deinde

123 1399 291 1473 absoluta
308 1400 493 1496 quantitas
512 1400 584 1473 alia
601 1412 655 1473 est
679 1424 886 1496 corporum,
904 1412 946 1472 ut
971 1399 1162 1495 longitudo

124 1514 312 1609 corporis;
351 1513 423 1587 alia
450 1514 636 1610 temporis,
664 1525 708 1586 ut
736 1512 929 1610 longitudo
964 1512 1163 1607 temporis;

124 1624 197 1699 alia
213 1637 347 1717 motus,
364 1637 408 1698 ut
424 1625 599 1700 velocitas
617 1637 654 1699 et
671 1626 826 1722 pondus.
869 1626 962 1700 ltem
979 1626 1165 1701 rationum

124 1738 198 1811 alia
214 1750 269 1812 est
285 1739 521 1835 geometrica,
540 1739 611 1812 alia
629 1739 871 1812 arithmetica.

175 1851 224 1925 B.
251 1852 295 1924 ln
313 1875 385 1948 quo
417 1876 505 1948 ergo
528 1876 663 1949 genere
683 1852 789 1948 ponis
811 1852 994 1925 rationem
1020 1850 1166 1926 numeri

128 1963 414 2038 adnumerum?

176 2078 225 2149 A.
252 2077 455 2151 Rationem⁴
471 2090 546 2151 tam
569 2078 831 2174 geometricam
855 2100 965 2173 quam
992 2075 1166 2150 arithme-

126 2189 237 2262 ticam
255 2190 379 2263 divido
397 2191 435 2263 in
461 2193 643 2264 rationem
660 2191 714 2264 rei
737 2190 785 2263 ad
806 2214 896 2279 rem,
923 2203 961 2263 et
988 2190 1166 2262 rationem

126 2326 250 2376 rerum
277 2303 416 2378 adres.
468 2307 625 2380 Putasne
652 2304 691 2378 in
715 2305 790 2377 ullo
820 2304 891 2376 alio
918 2303 1168 2400 quantitatum

126 2440 261 2513 genere
274 2418 445 2491 collocari
457 2431 625 2515 oportere
640 2419 820 2492 rationem
832 2417 987 2489 duarum
997 2416 1169 2490 ulnarum

127 2529 175 2603 ad
192 2529 283 2602 duos
301 2531 453 2626 palmos,
465 2556 575 2628 quam
592 2533 629 2604 in
649 2556 721 2628 qua
738 2531 938 2605 collocatur
951 2530 1045 2603 ratio
1059 2529 1167 2603 unius

127 2643 224 2717 ulnae
251 2643 299 2716 ad
325 2643 487 2739 palmum
510 2644 652 2718 unum?
696 2645 772 2718 Aut
798 2644 978 2717 rationem
1006 2642 1167 2738 plurium

128 2754 176 2828 ad
192 2756 299 2852 plura
314 2757 423 2830 aliam
441 2781 519 2831 esse
544 2758 704 2854 speciem
727 2757 891 2846 rationis,
923 2779 1034 2852 quam
1058 2756 1167 2828 unius

128 2868 176 2941 ad
193 2867 335 2943 unum?
383 2871 459 2943 Aut
476 2870 585 2944 aliam
607 2871 755 2966 quidem
773 2893 852 2944 esse
878 2870 1037 2965 speeiem
1054 2893 1168 2966 quan-

129 2981 246 3055 titatis
264 2993 339 3055 tres
356 2983 473 3072 ulnas,
491 2983 600 3056 aliam
617 2995 740 3056 autem
763 3007 874 3055 unam
896 2981 1049 3055 ulnam?
1091 2982 1169 3055 Aut

130 3093 286 3191 denique
314 3096 495 3169 rationem
521 3097 629 3169 unius
654 3096 752 3169 uluae
775 3095 823 3168 ad
848 3107 922 3168 tres
947 3095 1064 3185 ulnas,
1093 3117 1168 3167 non

130 3207 284 3280 eandem
302 3230 392 3297 esse,
410 3233 521 3305 quam
538 3210 650 3282 habet
666 3233 781 3281 unum
799 3207 846 3282 ad
863 3206 962 3281 tria?

179 3317 226 3392 B.
255 3320 350 3393 Sunt
364 3321 511 3416 quidem
524 3322 604 3394 haeo
621 3323 675 3394 ita
688 3321 950 3412 manifesta-ut
960 3318 1168 3393 mirandum

131 3432 178 3504 sit
194 3433 431 3507 Aristotelem
454 3436 697 3531 quantitatem
724 3434 921 3509 discretam
949 3433 1167 3507 nominasse.

132 3545 198 3618 Est
225 3545 323 3619 enim
352 3547 446 3620 ratio
469 3549 613 3620 numeri
643 3548 690 3620 ad
717 3572 910 3621 numerum
940 3545 1030 3619 nihil
1057 3543 1168 3634 aliud,

132 3683 243 3756 quam
266 3660 362 3733 ratio
387 3661 548 3756 partium
572 3661 816 3757 aliquotarum
844 3658 1058 3756 quantitatis
1085 3680 1171 3730 cou-

131 3773 245 3847 tinuae
263 3773 311 3846 ad
327 3773 542 3870 quantitatis
565 3775 749 3848 continuae
776 3784 897 3870 partes
920 3772 1110 3867 aliquotas,
1131 3783 1170 3843 et

132 3886 229 3959 inter
259 3909 298 3958 se
328 3899 366 3960 et
388 3886 458 3959 illis
488 3889 658 3983 aequales.
720 3887 860 3982 ltaque,
890 3896 931 3957 ut
961 3907 1063 3957 more
1087 3908 1170 3957 meo

133 4022 217 4071 oum
251 3999 493 4073 Aristoteliois
532 4000 673 4097 loquar,
717 3999 813 4071 siout
858 3997 959 4070 oalor
996 4022 1019 4069 a
1052 3996 1171 4070 calido

132 4111 326 4198 abstrahit,
353 4113 407 4184 ita
435 4135 609 4186 uumerus
638 4111 820 4186 abstrahit
846 4110 894 4184 ab
922 4111 1172 4208 inaequalitate

131 4225 303 4320 partium,
318 4223 407 4298 dum
424 4225 706 4300 considerantur
718 4235 843 4322 partes
857 4247 932 4298 uon
946 4223 1052 4298 aliter
1062 4246 1172 4320 quam

133 4350 315 4434 quatenus
332 4336 465 4433 plures.
