2946 5010
278 418 353 487 842
552 429 1043 487 euounnmsuavnvsros.

108 628 230 672 crau.
278 594 378 695 quod
393 618 532 673 novum
547 621 572 673 a
586 598 704 673 veteri
727 597 867 676 mundo
889 609 1048 697 separat,
1065 596 1318 672 Atlanticum:

67 698 267 813 ᾗῇ..
278 733 391 810 snpra
420 735 504 811 quae
526 713 645 787 maria
669 713 724 787 sol
746 714 883 788 rectior
904 710 1045 787 incedit
1071 733 1182 809 quam
1209 732 1322 806 supra

65 818 427 931 ffifflffcoetara,
456 835 496 899 ct
523 837 722 925 propterca
747 827 924 925 majorem
951 824 1039 900 inde
1067 824 1188 898 elevat
1214 846 1322 919 aqnae

279 936 536 1035 quantitatem.
588 939 683 1013 Qum
704 962 791 1012 cum
816 938 857 1013 in
884 938 1020 1012 nubem
1048 935 1239 1029 coaluerit,
1256 934 1322 1009 de-

279 1049 424 1127 scendit
439 1074 567 1125 rursus
582 1051 623 1126 in
637 1050 775 1148 pluvia.

279 1250 287 1265 Ι,
329 1162 381 1239 A.
407 1162 448 1239 si
474 1164 530 1239 sol
559 1186 706 1261 aquam,
731 1176 776 1238 ut
803 1162 907 1251 dicis,
930 1162 1062 1253 elevat,
1088 1184 1157 1237 cur
1184 1184 1262 1235 non
1284 1169 1323 1234 et

280 1270 463 1353 sustinere
478 1287 666 1375 potestne
681 1277 852 1352 recidat?

330 1388 382 1465 Β.
415 1390 538 1465 Etiam
563 1390 776 1481 sustineret,
801 1388 924 1480 credo,
946 1389 1020 1463 nisi
1045 1388 1173 1463 multae
1199 1398 1323 1485 partes

280 1514 543 1579 concurrentes
576 1503 740 1601 pondere
773 1526 842 1579 suo
871 1502 947 1577 vim
981 1501 1187 1578 elevantem
1214 1524 1323 1599 supe·

278 1626 418 1691 sarem.

329 1729 380 1805 A.
406 1728 502 1805 Quae
519 1752 631 1803 causa
645 1738 703 1804 est
719 1727 943 1803 concursus?

329 1838 379 1917 Β.
406 1840 595 1939 Quicquid
618 1841 749 1917 lationi
775 1865 903 1915 aarum
932 1863 972 1914 se
996 1841 1161 1939 opponit,
1179 1852 1218 1915 ct
1240 1851 1323 1916 tan-

279 1954 395 2055 tisper
418 1956 555 2031 retinet
576 1955 667 2029 dum
697 1956 779 2032 aliae
803 1956 1095 2053 supervenerint,
1112 1968 1155 2029 ut
1179 1967 1324 2030 montes

281 2069 340 2143 vel
373 2079 518 2143 ventus.
582 2068 777 2158 Praeterea,
812 2067 959 2165 quando
993 2066 1163 2142 feruntur
1196 2092 1324 2143 versus

281 2181 398 2279 polos,
416 2181 552 2256 ubivis
569 2181 656 2256 solis
673 2193 825 2279 propter
848 2180 1102 2276 obliquitatem
1119 2180 1239 2254 minor
1255 2195 1323 2272 est,

280 2294 380 2370 unde
392 2294 623 2370 descendunt
639 2293 817 2392 paulatim
834 2294 997 2391 pondera
1014 2317 1094 2369 suo.
1147 2294 1222 2368 Sed
1238 2296 1325 2391 quia

279 2408 425 2506 pondus
458 2407 550 2481 illud
580 2408 700 2482 tendit
724 2408 771 2481 ab
806 2408 908 2482 omni
935 2419 1041 2504 parte
1073 2407 1123 2481 ad
1155 2420 1324 2481 centrum

280 2533 402 2610 terrae,
416 2522 622 2594 necessario
641 2535 826 2617 coguntur
841 2520 1094 2595 descendendo
1112 2521 1151 2593 in
1165 2522 1325 2618 spatium

281 2636 431 2719 arctius,
449 2646 487 2707 et
504 2634 660 2729 guttulae
678 2646 853 2708 contactu
870 2647 1051 2708 crescunt.

332 2745 379 2819 A.
407 2748 451 2819 In
472 2748 658 2821 altissimis
689 2749 876 2821 montibus
899 2773 965 2821 eur
982 2762 1059 2821 tam
1077 2772 1174 2845 saepe
1191 2746 1324 2842 ningit,

282 2870 360 2934 tam
378 2884 461 2933 raro
479 2860 574 2956 pluit
590 2860 603 2932 l

333 2971 379 3045 B.
411 2973 508 3047 Quia
525 2997 679 3070 vapores
702 2974 835 3048 elevati
864 2996 974 3068 supra
991 2997 1151 3046 summos
1168 2984 1323 3061 monteS,

281 3087 346 3161 ubi
363 3102 487 3159 motus
504 3087 598 3160 aeris
617 3099 673 3159 est
701 3087 919 3174 liberrimus,
945 3086 1077 3159 abillo
1102 3098 1206 3159 motu
1232 3087 1325 3159 aeris

283 3201 536 3296 congelantur,
550 3212 748 3297 antequam
766 3202 804 3274 in
820 3213 946 3297 guttas
960 3201 1189 3296 majusculas,
1202 3201 1326 3296 quales

282 3314 423 3387 faciunt
440 3312 613 3409 pluvium,
628 3315 815 3388 uniantur.
852 3312 1017 3387 Guttulae
1034 3326 1158 3386 autem
1171 3313 1224 3387 sic
1242 3337 1326 3386 con·

283 3428 416 3525 gelatae
434 3439 522 3498 sunt
539 3426 615 3499 nix.

332 3536 377 3611 A.
406 3538 482 3612 Cur
507 3551 584 3611 tam
612 3562 695 3612 raro
720 3539 815 3634 pluit
841 3541 880 3612 in
896 3539 1069 3634 AEgypto,
1096 3562 1180 3611 cum
1203 3548 1327 3612 tumen

284 3651 322 3725 in
352 3652 442 3725 locis
473 3653 652 3747 aequatori
679 3654 912 3750 propioribus
939 3653 1063 3750 pluvia
1083 3664 1188 3725 tanta
1214 3654 1264 3725 sit
1287 3665 1327 3726 ut

283 3765 369 3839 inde
388 3766 465 3839 Nili
483 3766 624 3839 oriatur
641 3766 862 3840 inundatio?

333 3879 382 3951 B.
412 3878 612 3964 causant
641 3878 728 3967 dixi,
748 3878 996 3953 descensionis
1024 3876 1158 3975 pluviae
1187 3902 1273 3965 una,
1292 3890 1330 3950 et

281 3992 378 4066 forte
407 3993 578 4081 muxima,
597 4003 653 4065 est
671 3992 839 4066 collectio
857 4004 894 4065 et
911 3993 948 4065 in
967 3992 1088 4064 nivem
1119 3991 1329 4088 inspissatio

282 4129 462 4201 vaporum
480 4105 580 4178 circa
601 4118 744 4178 montes
763 4129 930 4201 magnos,
948 4129 1030 4201 quae
1049 4105 1163 4178 Lunae
1181 4105 1329 4177 Montes

282 4219 534 4313 appellantur:
560 4218 746 4314 praecipue
773 4244 860 4293 vero
895 4221 1076 4294 existente
1107 4219 1184 4292 sole
1214 4241 1329 4315 prope

283 4330 590 4426 aequinoctialem,
601 4332 664 4429 qui
682 4356 814 4428 aquam
829 4346 918 4407 tunc
931 4333 1184 4431 potentissime
1198 4333 1329 4418 elevat,
