2946 5010
304 399 377 464 314
578 415 856 471 nuonnenara
874 418 1067 473 nnrslcs

133 598 201 640 w
217 601 249 641 u.
303 581 459 654 marium
470 583 635 656 omnium
653 609 735 680 quae
752 586 798 658 ab
815 586 902 659 illo
891 611 930 659 1n
942 587 1237 683 Septentrionem
1251 610 1337 658 con-

121 723 256 772 aaut.
303 693 448 768 tinuata
463 708 571 770 sunt:
597 699 668 770 nisi
656 699 783 794 quod
809 701 942 795 partim
965 714 1170 796 augeantur
1188 700 1300 772 etiam
1317 723 1341 769 a

302 808 395 879 mari
412 832 546 905 magno
557 811 720 884 Australi
722 836 811 941 ‚per
826 812 962 886 fretum
972 813 1113 886 Anian
1105 825 1200 885 mter
1214 813 1341 883 Asiam

301 930 340 993 et
365 921 615 995 Amerinam
606 949 644 996 m
674 928 789 999 maria
818 928 1117 1023 septentrionalia
1146 926 1336 998 influente.

302 1033 414 1107 Quod
430 1049 554 1109 autem
572 1062 673 1112 mare
690 1064 909 1136 unoquoque
920 1041 979 1113 die
990 1039 1037 1112 ad
1048 1040 1204 1112 eundem
1215 1039 1338 1110 locum

301 1146 358 1218 bis
375 1148 572 1243 repleatur,
589 1153 797 1248 argumenti
810 1154 893 1227 loco
911 1153 1001 1225 mihi
1018 1167 1085 1241 est,
1102 1151 1203 1249 quod
1218 1152 1339 1246 perio-

302 1257 371 1330 dns
388 1273 522 1352 motus,
538 1288 648 1359 quem
665 1266 702 1338 in
720 1278 820 1340 terra
841 1266 1027 1364 supposui,
1045 1290 1121 1340 uno
1144 1266 1204 1338 die
1231 1277 1339 1337 natu-

301 1370 369 1443 rali
386 1372 442 1445 bis
454 1377 681 1473 compleatur
696 1377 785 1453 fere.

352 1485 401 1558 A.
430 1487 504 1560 Sed
527 1513 649 1563 nonne
676 1492 786 1564 etiam
814 1515 914 1563 mare
941 1490 1254 1564 Mediterraneum
1275 1514 1337 1562 ex-

302 1599 469 1673 tenditur
484 1603 530 1674 ab
544 1603 696 1678 Oriente
705 1606 744 1676 in
758 1604 1024 1679 Occidentem?
1050 1604 1125 1676 Cur
1135 1628 1209 1677 non
1223 1604 1337 1676 etiam

299 1713 339 1786 iu
356 1714 419 1788 illo
434 1716 570 1789 similes
582 1718 677 1791 fiunt
693 1718 828 1792 aestus?

349 1827 399 1903 B.
427 1828 561 1902 Fiunt:
588 1829 664 1920 sed,
682 1855 750 1928 pro
765 1830 994 1927 longitudine
1012 1841 1050 1901 et
1066 1852 1171 1924 aquae
1190 1828 1336 1923 quanti-

298 1950 387 2030 tate,
405 1941 576 2016 minores.

348 2054 397 2128 A.
424 2054 560 2129 Genoae
579 2066 619 2129 et
634 2057 799 2130 Anconae
815 2068 926 2128 aestus
951 2054 1043 2127 nulli
1067 2063 1165 2140 sunt,
1183 2052 1241 2125 vel
1259 2055 1333 2126 sal·

296 2180 373 2239 tem
390 2167 629 2243 insensibiles.

347 2281 396 2355 B.
422 2282 586 2356 Venetiis
602 2296 738 2370 autem,
752 2293 790 2355 et
806 2281 854 2355 ad
870 2281 981 2353 litora
993 2280 1208 2366 Palestinae,
1226 2280 1333 2354 valde

294 2395 484 2469 sensibiles
501 2411 597 2470 sunt.
650 2397 847 2485 Caeterum,
864 2407 1015 2492 propter
1035 2418 1184 2467 cursum
1201 2419 1333 2467 secun-

296 2505 383 2580 dum
417 2509 685 2604 longitudinem
719 2510 828 2582 maris
863 2507 1125 2580 Mediterranei
1157 2520 1195 2579 et
1223 2509 1333 2580 Sinus

295 2618 486 2708 Adriatici,
504 2623 624 2693 minus
642 2622 800 2717 assurgit
814 2645 908 2716 aqua
925 2622 962 2692 in
980 2620 1149 2692 litoribus
1166 2623 1333 2714 aquibus

294 2732 443 2806 minime
461 2734 670 2830 impeditur.

344 2846 391 2918 Α.
420 2847 614 2920 Quomodo
635 2861 759 2920 autem
781 2847 837 2919 his
865 2848 974 2918 rebus
1001 2848 1052 2919 ita
1082 2870 1120 2917 se
1151 2846 1332 2918 immiscet

292 2959 390 3048 luna,
417 2971 458 3032 ut
482 2961 519 3033 in
543 2961 736 3033 noviluniis
764 2972 801 3032 et
824 2960 1031 3056 pleniluniis
1059 2971 1168 3031 aestus
1200 2960 1332 3030 marini

291 3073 426 3168 nbiqne
443 3075 637 3169 insigniter
654 3074 885 3169 augeantur?

341 3186 388 3257 B.
418 3187 564 3259 Motum
589 3211 697 3283 quem
725 3190 762 3258 iu
792 3188 922 3259 tellure
953 3184 1136 3281 supposui,
1165 3209 1330 3281 suppono

290 3324 434 3395 quoque
451 3302 489 3372 iu
508 3301 595 3388 sole,
614 3314 652 3373 et
670 3301 768 3391 luna,
786 3312 824 3373 et
847 3301 989 3373 caeteris
1012 3298 1124 3371 stellis
1149 3302 1329 3371 omuibus.

292 3413 403 3488 Quod
420 3426 542 3487 autem
566 3415 698 3487 attinet
717 3415 765 3487 ad
789 3428 930 3486 motum
958 3414 1056 3485 huuc
1084 3425 1263 3505 quatenns
1291 3414 1329 3484 in

290 3529 365 3600 sole
383 3539 420 3600 et
437 3529 525 3600 luna
547 3529 812 3615 consideratur,
836 3528 939 3624 polos
967 3528 1044 3620 ejus
1073 3526 1220 3598 eosdem
1250 3550 1329 3599 esse

288 3666 454 3738 suppono
472 3667 555 3715 cum
570 3642 664 3737 polis
682 3642 810 3715 circuli
828 3640 1102 3736 aequinoctialis
1142 3641 1224 3713 Quo
1243 3664 1328 3734 sup-

287 3756 418 3851 posit0‚
453 3756 628 3850 sequitur,
663 3758 836 3850 quoniam
872 3755 937 3841 sol,
969 3753 1056 3824 lnua
1086 3765 1123 3825 et
1158 3764 1255 3824 terra
1289 3755 1328 3826 in

287 3868 456 3939 omnibus
486 3867 681 3939 noviluniis
712 3878 749 3938 et
781 3864 990 3959 pleniluniis
1021 3864 1171 3936 suntin
1199 3863 1328 3936 eadem

286 3979 362 4051 fere
381 3992 484 4051 recta
498 3980 606 4065 linea,
623 3991 665 4049 ut
681 3989 801 4049 motus
820 3978 879 4049 hic
904 3991 1010 4049 terrae
1029 3976 1188 4048 velocior
1206 3978 1271 4048 fiat
1288 3978 1326 4049 in

285 4092 482 4164 noviluniis
516 4105 554 4163 et
593 4091 801 4186 pleniluniis
836 4115 943 4185 quam
981 4091 1018 4161 in
1049 4089 1326 4185 quadrantibus

287 4204 381 4275 Nam
401 4218 521 4276 motus
540 4205 599 4276 hic
618 4204 704 4275 solis
723 4216 759 4276 et
777 4203 872 4274 lunae
890 4205 1179 4275 communicatus
1205 4219 1325 4292 terrae,

233 4338 237 4347 ·
286 4330 426 4388 motum
453 4316 548 4389 illius
579 4317 732 4388 similem
763 4318 967 4389 necessario
999 4328 1132 4410 auget:
1166 4318 1325 4389 maxime
