2946 5010
381 464 695 517 Marnnmnrrcm
715 465 956 518 nonmnnn.
1124 453 1192 518 163

157 629 336 725 principia
351 653 427 702 non
445 631 533 703 satis
550 629 705 704 feliciter
721 656 864 727 semper
881 645 1035 730 ponunt.
1072 633 1192 729 Opor-
1229 656 1378 697 unrocus

158 744 229 817 tuit
246 744 347 839 prius
365 742 555 817 definitum
579 768 656 818 esse
680 745 769 841 quid
792 746 840 818 sit
864 746 1065 835 inclinatio,
1082 770 1192 842 quam
1232 739 1373 842 „L

158 880 224 954 per
262 855 532 929 inclinationem
574 857 773 931 definiisset
813 859 988 952 angulum
1029 859 1191 955 planum.

160 968 271 1045 Quod
288 993 372 1042 cum
388 993 464 1042 non
481 970 620 1060 fecerit,
639 971 801 1044 incensa
817 972 886 1045 suit
901 972 1000 1068 quod
1010 973 1195 1046 Wallisius

158 1082 295 1155 frustra
312 1106 350 1154 se
366 1083 517 1156 torserit
532 1084 572 1156 in
589 1084 739 1157 vocibus
755 1101 846 1162 κλίσις
862 1097 901 1157 et
916 1100 1039 1158 aaaron.
1092 1085 1196 1182 Sapit

160 1196 257 1268 enim
282 1195 446 1269 definitio
470 1196 646 1270 Eucliden
671 1196 752 1293 plus
779 1221 889 1293 quam
914 1197 1001 1271 satis
1027 1197 1073 1271 de
1095 1199 1198 1295 vulgi

160 1309 420 1405 imaginatione
444 1310 581 1407 anguli,
601 1333 685 1383 cum
709 1310 835 1384 dicant
853 1311 924 1383 hoc
941 1312 999 1385 vel
1021 1311 1111 1384 illud
1128 1335 1197 1384 non

145 1422 298 1519 saetam
316 1447 398 1497 erae
417 1424 456 1496 in
473 1423 622 1522 anguto.
654 1424 715 1498 Sic
731 1446 875 1520 quoque
891 1425 1026 1521 accipit
1039 1425 1196 1512 Clarius,

160 1561 244 1609 cum
262 1548 392 1610 contra
408 1538 627 1611 Peletarinm
644 1538 846 1633 disputans,
864 1537 1038 1633 angulum
1055 1550 1198 1610 rectum

160 1651 336 1744 majorem
354 1673 432 1723 esse
456 1648 547 1722 dicit
570 1674 680 1746 qnam
705 1662 762 1722 est
785 1650 940 1745 angulus
967 1650 1197 1738 semicirculi,

160 1775 203 1836 ut
220 1773 340 1835 totum
357 1787 466 1858 quam
483 1786 591 1858 pars;
618 1763 792 1859 deceptus
811 1787 854 1836 eo
872 1764 972 1860 quod
989 1764 1198 1860 superficies

22 1872 30 1891 “
161 1877 282 1971 aliqua
299 1876 467 1972 intercipi
485 1876 631 1950 videtur
649 1876 745 1948 inter
770 1900 894 1948 arcum
919 1887 957 1949 et
974 1888 1198 1973 tangentem.

163 1990 291 2085 Itaque
305 2001 474 2062 naturam
489 1988 625 2085 anguli,
637 1988 737 2084 vulgi
750 2012 864 2078 more,
875 1990 914 2062 in
927 2003 1029 2063 arcta
1041 1989 1200 2087 quadam

163 2102 354 2199 superficie
368 2103 568 2177 consistere
582 2101 827 2175 arbitrabatur
844 2132 852 2173 ε
877 2102 976 2199 quod
989 2116 1045 2176 est
1056 2103 1199 2175 falsum.

214 2215 263 2287 B.
291 2215 370 2287 Imo
402 2238 501 2303 vero,
531 2214 624 2286 adeo
658 2213 868 2302 absurdum,
898 2227 941 2287 ut
974 2238 1081 2288 nemo
1111 2211 1201 2286 illud

163 2352 324 2424 unquam
341 2339 468 2424 aperte
485 2327 607 2400 dicere
624 2350 734 2399 ausus
752 2327 821 2412 sit;
848 2351 1069 2423 quanquam,
1087 2325 1200 2398 inhae-

163 2452 268 2515 rente
291 2441 354 2513 illa
382 2440 474 2514 falsa
496 2440 770 2536 imaginatione,
799 2439 837 2513 id
865 2440 1025 2514 dixerint
1053 2464 1098 2512 ex
1128 2462 1200 2534 quo

165 2553 290 2627 inferri
306 2553 432 2649 possit.

215 2666 264 2738 A.
291 2665 493 2738 Audiamus
503 2664 829 2738 Wallisium.—Et
838 2665 983 2762 qnidern
994 2665 1084 2761 iprae
1095 2664 1203 2736 tinere

166 2789 432 2867 concurrentes,
450 2778 616 2876 quamvis
639 2787 726 2850 totce
736 2775 882 2873 fortan
909 2776 1130 2849 inclinentur
1151 2777 1206 2848 ort

167 2891 327 2980 invicem,
355 2891 531 2989 angulum
555 2901 676 2963 tamen
703 2915 774 2963 non
804 2891 899 2963 olibi
929 2913 1032 2986 quarn
1056 2890 1092 2962 in
1121 2889 1203 2986 ipso

160 3014 300 3102 puncto
323 3028 522 3077 concinnae
536 3004 1012 3101 formant-Nonnehinc
1026 3004 1201 3099 sequitur,

166 3118 245 3213 ipsa
260 3130 398 3213 puncta
414 3119 572 3191 formare
590 3117 791 3214 angulum?

216 3229 262 3302 B.
289 3231 410 3303 Plane.
466 3232 513 3303 Et
548 3231 726 3327 siquidem
756 3242 934 3326 punctum
965 3230 1023 3316 sit,
1057 3240 1101 3300 ut
1126 3226 1204 3299 vult

167 3343 362 3432 Wallisius,
381 3343 483 3433 nihil,
502 3343 575 3415 duo
594 3344 709 3416 nihila
725 3345 936 3417 formabunt
953 3340 1138 3437 angulum.

218 3456 267 3528 A.
294 3456 474 3530 Videntur
491 3458 578 3529 mihi
598 3457 680 3530 duae
700 3457 818 3544 lineae,
846 3456 989 3530 etiamsi
1015 3478 1089 3526 non
1116 3475 1203 3525 con-

167 3581 329 3656 currant,
358 3570 388 3671 si
419 3583 543 3642 tamen
560 3569 687 3642 eadem
721 3569 850 3663 regula
877 3592 949 3664 qua
982 3576 1203 3660 generantur

167 3682 370 3778 productae,
389 3707 622 3755 concursurae
640 3685 724 3770 sint,
743 3682 919 3777 angulum
937 3682 1090 3753 efficere.

221 3795 269 3867 B.
297 3796 381 3868 Hoc
412 3795 595 3891 quomodo
626 3795 674 3867 sit
701 3793 871 3890 possibile
901 3794 963 3866 vix
990 3792 1202 3886 intelligam,

166 3906 239 3978 nisi
257 3908 372 3980 sciero
392 3909 472 4003 quis
491 3908 538 3980 sit
555 3900 664 4004 quem
680 3920 722 3979 tu
739 3907 899 4002 appellas
919 3905 1105 4002 angulum.

219 4019 267 4091 Α.
297 4020 486 4118 Angnlnrn
513 4020 743 4117 simpliciter,
779 4018 924 4091 excluso
951 4018 1086 4113 angulo
1117 4041 1205 4090 con-

168 4144 303 4220 tactus,
343 4134 498 4229 appello,
535 4131 653 4220 tinere,
688 4158 769 4230 qnae
806 4130 982 4204 eircnlnnr
1015 4128 1205 4218 describit,

168 4246 417 4318 conversionis
431 4246 543 4317 totins
554 4246 765 4342 portionem
776 4273 789 4317 .·
814 4242 945 4342 anguli
961 4254 1080 4316 antem
1092 4268 1207 4340 qnan-

168 4359 327 4448 ritatem,
371 4359 615 4456 quantitatem
660 4383 771 4431 arena
834 4357 988 4454 quolibet
1045 4367 1208 4456 ternpore

1029 4495 1093 4543 Ma
