2946 5010
289 397 362 463 222
507 409 779 465 uxnnmnmo
799 411 851 463 uu
870 412 1118 465 sunnonem

99 597 251 643 unrocus
287 578 387 675 quod
404 579 521 652 omnis
539 580 691 653 effectus
717 580 895 652 naturalis
912 579 960 652 ad
985 603 1132 652 omnem
1158 579 1333 651 effectum

101 682 245 786 „IL
287 693 494 765 naturalem
511 694 693 766 rationem
710 694 823 767 habet
848 695 1089 790 compositam
1108 718 1153 766 ex
1179 694 1333 766 rationi-

287 804 355 878 bus
382 829 505 879 earum
533 830 657 880 rerum
688 830 770 903 quae
795 832 922 880 causas
950 831 1078 881 eorum
1105 819 1334 902 componunt

286 917 461 1015 integras.
513 920 616 993 Nihil
634 921 788 993 enimin
806 921 940 993 effectu
965 944 1042 994 esse
1068 930 1203 1017 potest,
1231 919 1333 1016 quod

285 1054 360 1105 nou
377 1031 450 1105 fuit
467 1033 505 1107 in
523 1034 647 1130 aliqua
659 1046 768 1130 parte
787 1058 907 1107 causae
925 1058 1023 1119 suae;
1050 1058 1119 1107 neo
1144 1038 1183 1106 in
1209 1058 1330 1124 causa,

286 1145 386 1242 quod
403 1171 479 1220 non
496 1148 534 1220 in
553 1148 724 1221 effectum
743 1148 942 1220 derivetur.

337 1259 387 1333 B.
413 1260 509 1333 Mihi
535 1284 632 1334 nova
660 1261 807 1356 quidem
837 1260 918 1333 haec
943 1260 1125 1356 contingit
1150 1260 1331 1349 doctrina,

284 1384 450 1447 attamen
467 1372 657 1447 verissima
673 1385 753 1458 est;
780 1386 819 1446 et
840 1373 1043 1470 procedens
1066 1398 1089 1446 a
1106 1373 1332 1468 contempla-

285 1487 388 1560 tione
406 1512 488 1584 quae
511 1488 550 1561 in
574 1488 619 1561 iis
641 1488 705 1584 qui
725 1487 854 1584 jurant
872 1487 909 1559 in
928 1488 1040 1559 verba
1057 1486 1330 1581 magistrorum,

284 1622 369 1674 raro
386 1600 583 1673 invenitur.
634 1600 833 1673 Videamus
846 1602 924 1696 jam
942 1599 1181 1672 consectaria.

338 1711 505 1786 comest.
524 1714 548 1786 i.
575 1714 711 1803 ConuS,
723 1714 787 1809 qui
803 1716 847 1787 fit
864 1738 886 1786 a
903 1712 1141 1785 conversione
1156 1712 1332 1806 trianguli

285 1823 395 1899 FDB
412 1826 511 1900 circa
528 1826 601 1899 DB
616 1826 836 1900 diametrum
854 1825 983 1899 circuli
999 1825 1191 1920 genitoris
1210 1838 1266 1896 est
1283 1825 1332 1897 ad

284 1962 419 2013 conum
432 1940 497 2035 qui
512 1941 556 2013 fit
572 1965 595 2013 a
609 1941 850 2013 conversione
864 1938 1030 2036 ejusdem
1047 1938 1222 2033 trianguli
1233 1939 1332 2010 eirca

285 2049 368 2141 DF,
385 2063 429 2125 ut
446 2052 518 2125 DF
535 2054 582 2127 ad
605 2052 689 2127 DB.
743 2054 839 2126 Sunt
869 2052 968 2125 enim
997 2063 1040 2125 ut
1066 2051 1134 2147 ipsi
1161 2050 1330 2147 cylindri.

284 2165 436 2239 Habent
453 2177 578 2240 autem
593 2166 761 2255 vertices,
780 2166 841 2239 ille
858 2166 897 2239 iu
915 2164 959 2256 B,
976 2165 1038 2238 hic
1055 2165 1094 2238 in
1113 2163 1154 2237 F.

335 2275 503 2351 comet.
521 2280 559 2353 ii.
596 2279 762 2352 Solidum
776 2280 915 2351 factum
934 2302 957 2350 a
974 2277 1213 2351 conversione
1230 2278 1331 2372 plani

282 2390 494 2486 cycloidalis
505 2390 579 2464 DB
579 2391 621 2489 f
625 2391 655 2464 F
667 2392 766 2465 circa
783 2390 867 2480 DB,
880 2402 937 2464 est
954 2390 1001 2463 ad
1018 2391 1174 2463 solidum
1191 2392 1331 2465 sactum

282 2526 306 2576 a
322 2505 561 2577 conversione
579 2504 743 2600 ejusdem
770 2505 871 2599 plani
902 2504 1114 2599 cycloidalis
1131 2504 1228 2577 eirca
1246 2504 1329 2594 DF,

283 2628 326 2688 ut
343 2615 415 2688 DF
433 2616 482 2687 ad
500 2615 583 2688 DB.
639 2618 734 2688 Sunt
752 2617 849 2688 euim
866 2628 908 2688 ut
926 2617 994 2711 ipsi
1013 2617 1108 2689 coni.

336 2726 504 2799 conseo.
516 2728 567 2800 iii.
593 2730 772 2801 Excessus
784 2729 940 2824 cylindri
954 2729 1043 2801 facti
1057 2755 1078 2802 a
1092 2731 1329 2803 conversione

282 2841 487 2934 rectanguli
507 2841 583 2913 DG
603 2841 702 2914 circa
725 2840 810 2928 DB,
830 2865 940 2937 super
971 2841 1127 2913 solidum
1150 2843 1289 2914 factum
1308 2870 1331 2916 a

282 2952 522 3026 conversione
540 2953 640 3049 plani
658 2954 870 3050 cycloidalis
890 2953 961 3026 DB
962 2956 1002 3049 f
1008 2954 1037 3025 F
1057 2955 1154 3026 circa
1175 2956 1329 3027 eandem

283 3064 369 3155 DB,
389 3078 445 3140 est
471 3067 517 3139 ad
543 3089 733 3140 excessum
759 3068 916 3163 cylindri
946 3068 1034 3140 facti
1053 3093 1076 3139 a
1094 3070 1329 3140 conversione

281 3180 489 3274 rectauguli
507 3178 580 3254 DG
598 3181 698 3253 circa
715 3179 799 3269 DF,
830 3205 939 3276 super
969 3181 1126 3252 solidum
1151 3182 1289 3254 factum
1307 3209 1330 3255 a

283 3294 522 3365 conversione
539 3293 640 3388 ploni
659 3292 871 3389 cycloidalis
890 3291 961 3365 DB
959 3294 1000 3389 f
1005 3292 1034 3363 F
1059 3294 1157 3365 circa
1174 3294 1329 3365 eandem

284 3404 365 3494 DF,
379 3416 421 3478 ut
433 3405 504 3479 DF
519 3406 567 3479 ad
585 3405 668 3479 DB.
712 3407 807 3479 Sunt
821 3407 917 3478 enim
936 3406 975 3479 hi
993 3431 1137 3502 quoque
1154 3420 1197 3479 ut
1215 3409 1330 3502 cylin-

284 3518 341 3592 dri
357 3520 439 3618 ipsi.

608 3717 860 3770 PROPOSlTlO
890 3719 1001 3769 XXII.

332 3843 510 3916 Centrum
537 3845 731 3940 gravitatis
760 3845 991 3932 semicirculi,
1020 3847 1124 3940 cujus
1152 3846 1329 3920 diameter

281 3969 339 4028 est
356 3957 436 4044 DF,
456 3956 494 4027 id
518 3967 584 4044 est,
614 3968 717 4030 reeta
745 3958 896 4053 aequalis
927 3960 1029 4031 arcui
1062 3961 1184 4048 BCD,
1216 3962 1328 4034 estin

281 4080 383 4141 recta
400 4094 494 4164 quae,
513 4069 659 4142 ductaa
674 4082 814 4158 centro,
829 4071 961 4143 dividit
978 4073 1098 4168 ipsum
1117 4075 1328 4146 semicircu-

280 4181 356 4253 lum
380 4182 562 4271 bifariam,
585 4194 622 4256 et
641 4182 753 4256 distat
777 4209 799 4256 a
817 4197 944 4257 centro
963 4186 996 4256 D
1015 4197 1160 4258 tantum
1189 4201 1327 4282 quanta

280 4303 336 4365 est
348 4304 451 4367 recta
468 4296 619 4391 aequalis
632 4295 772 4370 duabus
791 4299 910 4371 tertiis
925 4298 1109 4371 semiradii
1128 4298 1210 4373 AB.
