<?xml version="1.0" encoding="UTF-8"?>
<!DOCTYPE html PUBLIC "-//W3C//DTD XHTML 1.0 Transitional//EN"
    "http://www.w3.org/TR/xhtml1/DTD/xhtml1-transitional.dtd">
<html xmlns="http://www.w3.org/1999/xhtml" xml:lang="en" lang="en">
 <head>
  <title>
</title>
<meta http-equiv="Content-Type" content="text/html;charset=utf-8" />
  <meta name='ocr-system' content='tesseract 3.04.00' />
  <meta name='ocr-capabilities' content='ocr_page ocr_carea ocr_par ocr_line ocrx_word'/>
</head>
<body>
  <div class='ocr_page' id='page_1' title='image "./thomhobbesmalme01hobbgoog_0228.png"; bbox 0 0 2946 5010; ppageno 0'>
   <div class='ocr_carea' id='block_1_1' title="bbox 408 421 1212 502">
    <p class='ocr_par' dir='ltr' id='par_1_1' title="bbox 408 421 1212 502">
     <span class='ocr_line' id='line_1_1' title="bbox 408 421 1212 502; baseline 0.007 -15"><span class='ocrx_word' id='word_1_1' title='bbox 408 436 987 493; x_wconf 77' lang='lat' dir='ltr'><strong>narnnnarrcnnonrnann.</strong></span> <span class='ocrx_word' id='word_1_2' title='bbox 1139 421 1212 502; x_wconf 82' lang='lat'><strong>217</strong></span> 
     </span>
    </p>
   </div>
   <div class='ocr_carea' id='block_1_2' title="bbox 168 601 1400 4324">
    <p class='ocr_par' dir='ltr' id='par_1_2' title="bbox 169 601 1400 931">
     <span class='ocr_line' id='line_1_2' title="bbox 170 601 1400 703; baseline 0.001 -31"><span class='ocrx_word' id='word_1_3' title='bbox 170 601 240 672; x_wconf 92' lang='lat' dir='ltr'><strong>erit</strong></span> <span class='ocrx_word' id='word_1_4' title='bbox 253 615 432 698; x_wconf 91' lang='lat' dir='ltr'><strong>punctum</strong></span> <span class='ocrx_word' id='word_1_5' title='bbox 446 605 480 674; x_wconf 91' lang='lat' dir='ltr'>V</span> <span class='ocrx_word' id='word_1_6' title='bbox 498 618 665 679; x_wconf 86' lang='lat' dir='ltr'>centrum</span> <span class='ocrx_word' id='word_1_7' title='bbox 682 608 873 703; x_wconf 83' lang='lat' dir='ltr'><strong>gravitatis</strong></span> <span class='ocrx_word' id='word_1_8' title='bbox 904 606 1124 681; x_wconf 81' lang='lat' dir='ltr'><strong>semicirculi</strong></span> <span class='ocrx_word' id='word_1_9' title='bbox 1152 605 1214 680; x_wconf 90' lang='lat' dir='ltr'><strong>de·</strong></span> <span class='ocrx_word' id='word_1_10' title='bbox 1249 632 1400 675; x_wconf 79' lang='lat' dir='ltr'><strong>nnmaus</strong></span> 
     </span>
     <span class='ocr_line' id='line_1_3' title="bbox 169 715 1398 819; baseline 0.007 -34"><span class='ocrx_word' id='word_1_11' title='bbox 169 716 297 811; x_wconf 91' lang='lat' dir='ltr'><strong>scripti</strong></span> <span class='ocrx_word' id='word_1_12' title='bbox 326 741 349 789; x_wconf 91' lang='lat' dir='ltr'><strong>a</strong></span> <span class='ocrx_word' id='word_1_13' title='bbox 375 719 647 793; x_wconf 86' lang='lat' dir='ltr'><strong>semidiametro</strong></span> <span class='ocrx_word' id='word_1_14' title='bbox 671 721 746 808; x_wconf 77' lang='grc' dir='ltr'><strong>γΧ.</strong></span> <span class='ocrx_word' id='word_1_15' title='bbox 797 722 846 794; x_wconf 89' lang='lat' dir='ltr'><strong>Et</strong></span> <span class='ocrx_word' id='word_1_16' title='bbox 873 721 926 795; x_wconf 89' lang='lat' dir='ltr'><strong>sic</strong></span> <span class='ocrx_word' id='word_1_17' title='bbox 953 721 1145 816; x_wconf 85' lang='lat' dir='ltr'><strong>continget</strong></span> <span class='ocrx_word' id='word_1_18' title='bbox 1174 721 1213 793; x_wconf 92' lang='lat' dir='ltr'><strong>in</strong></span> <span class='ocrx_word' id='word_1_19' title='bbox 1253 715 1398 819; x_wconf 52' lang='lat' dir='ltr'><strong>„XL</strong></span> 
     </span>
     <span class='ocr_line' id='line_1_4' title="bbox 169 829 1214 931; baseline 0.006 -31"><span class='ocrx_word' id='word_1_20' title='bbox 169 829 489 904; x_wconf 88' lang='lat' dir='ltr'><strong>intersectionibus</strong></span> <span class='ocrx_word' id='word_1_21' title='bbox 506 844 691 907; x_wconf 87' lang='lat' dir='ltr'><strong>rectarum</strong></span> <span class='ocrx_word' id='word_1_22' title='bbox 709 835 886 925; x_wconf 90' lang='lat' dir='ltr'><strong>omnium,</strong></span> <span class='ocrx_word' id='word_1_23' title='bbox 898 859 981 931; x_wconf 90' lang='lat' dir='ltr'><strong>quae</strong></span> <span class='ocrx_word' id='word_1_24' title='bbox 994 846 1079 908; x_wconf 88' lang='lat' dir='ltr'><strong>sunt</strong></span> <span class='ocrx_word' id='word_1_25' title='bbox 1092 833 1214 930; x_wconf 89' lang='lat' dir='ltr'><strong>paral·</strong></span> 
     </span>
    </p>

    <p class='ocr_par' dir='ltr' id='par_1_3' title="bbox 168 942 1213 1156">
     <span class='ocr_line' id='line_1_5' title="bbox 168 942 1213 1042; baseline 0.007 -29"><span class='ocrx_word' id='word_1_26' title='bbox 168 942 248 1014; x_wconf 86' lang='lat' dir='ltr'><strong>lelae</strong></span> <span class='ocrx_word' id='word_1_27' title='bbox 265 956 377 1018; x_wconf 91' lang='lat' dir='ltr'><strong>rectae</strong></span> <span class='ocrx_word' id='word_1_28' title='bbox 395 946 479 1033; x_wconf 90' lang='lat' dir='ltr'><strong>DB,</strong></span> <span class='ocrx_word' id='word_1_29' title='bbox 499 970 582 1018; x_wconf 91' lang='lat' dir='ltr'><strong>cum</strong></span> <span class='ocrx_word' id='word_1_30' title='bbox 599 960 702 1021; x_wconf 86' lang='lat' dir='ltr'><strong>recta</strong></span> <span class='ocrx_word' id='word_1_31' title='bbox 716 948 792 1035; x_wconf 86' lang='lat' dir='ltr'><strong>FT,</strong></span> <span class='ocrx_word' id='word_1_32' title='bbox 815 958 858 1020; x_wconf 92' lang='lat' dir='ltr'><strong>ut</strong></span> <span class='ocrx_word' id='word_1_33' title='bbox 875 959 1004 1020; x_wconf 89' lang='lat' dir='ltr'><strong>centra</strong></span> <span class='ocrx_word' id='word_1_34' title='bbox 1020 946 1213 1042; x_wconf 83' lang='lat' dir='ltr'><strong>gravitatis</strong></span> 
     </span>
     <span class='ocr_line' id='line_1_6' title="bbox 170 1055 1212 1156; baseline 0.006 -29"><span class='ocrx_word' id='word_1_35' title='bbox 170 1055 417 1151; x_wconf 90' lang='lat' dir='ltr'><strong>quadrantum</strong></span> <span class='ocrx_word' id='word_1_36' title='bbox 431 1057 700 1155; x_wconf 88' lang='lat' dir='ltr'><strong>descriptorum</strong></span> <span class='ocrx_word' id='word_1_37' title='bbox 718 1061 764 1133; x_wconf 91' lang='lat' dir='ltr'><strong>ab</strong></span> <span class='ocrx_word' id='word_1_38' title='bbox 779 1060 958 1135; x_wconf 91' lang='lat' dir='ltr'><strong>ordinatis</strong></span> <span class='ocrx_word' id='word_1_39' title='bbox 972 1061 1011 1134; x_wconf 90' lang='lat' dir='ltr'><strong>in</strong></span> <span class='ocrx_word' id='word_1_40' title='bbox 1026 1060 1212 1156; x_wconf 87' lang='lat' dir='ltr'><strong>triangulo</strong></span> 
     </span>
    </p>

    <p class='ocr_par' dir='ltr' id='par_1_4' title="bbox 170 1170 1213 1270">
     <span class='ocr_line' id='line_1_7' title="bbox 170 1170 1213 1270; baseline 0.004 -28"><span class='ocrx_word' id='word_1_41' title='bbox 170 1170 287 1258; x_wconf 88' lang='lat' dir='ltr'><strong>FDB,</strong></span> <span class='ocrx_word' id='word_1_42' title='bbox 302 1170 427 1243; x_wconf 89' lang='lat' dir='ltr'><strong>sintin</strong></span> <span class='ocrx_word' id='word_1_43' title='bbox 446 1171 765 1246; x_wconf 87' lang='lat' dir='ltr'><strong>intersectionibus</strong></span> <span class='ocrx_word' id='word_1_44' title='bbox 783 1173 946 1270; x_wconf 87' lang='lat' dir='ltr'><strong>ipsarum</strong></span> <span class='ocrx_word' id='word_1_45' title='bbox 959 1173 1213 1247; x_wconf 88' lang='lat' dir='ltr'><strong>ordinatarum</strong></span> 
     </span>
    </p>

    <p class='ocr_par' dir='ltr' id='par_1_5' title="bbox 170 1285 1213 1382">
     <span class='ocr_line' id='line_1_8' title="bbox 170 1285 1213 1382; baseline 0.006 -29"><span class='ocrx_word' id='word_1_46' title='bbox 170 1306 254 1355; x_wconf 89' lang='lat' dir='ltr'><strong>cum</strong></span> <span class='ocrx_word' id='word_1_47' title='bbox 268 1296 370 1357; x_wconf 89' lang='lat' dir='ltr'><strong>recta</strong></span> <span class='ocrx_word' id='word_1_48' title='bbox 387 1285 463 1360; x_wconf 87' lang='lat' dir='ltr'><strong>FT.</strong></span> <span class='ocrx_word' id='word_1_49' title='bbox 516 1285 589 1359; x_wconf 88' lang='lat' dir='ltr'><strong>Sed</strong></span> <span class='ocrx_word' id='word_1_50' title='bbox 606 1287 885 1382; x_wconf 87' lang='lat' dir='ltr'><strong>intelligendum</strong></span> <span class='ocrx_word' id='word_1_51' title='bbox 901 1298 957 1360; x_wconf 88' lang='lat' dir='ltr'><strong>est</strong></span> <span class='ocrx_word' id='word_1_52' title='bbox 985 1286 1213 1382; x_wconf 84' lang='lat' dir='ltr'><strong>triangulum</strong></span> 
     </span>
    </p>

    <p class='ocr_par' dir='ltr' id='par_1_6' title="bbox 170 1397 1213 1496">
     <span class='ocr_line' id='line_1_9' title="bbox 170 1397 1213 1496; baseline 0.002 -25"><span class='ocrx_word' id='word_1_53' title='bbox 170 1397 276 1471; x_wconf 89' lang='lat' dir='ltr'><strong>FDT</strong></span> <span class='ocrx_word' id='word_1_54' title='bbox 303 1409 468 1471; x_wconf 87' lang='lat' dir='ltr'><strong>erectum</strong></span> <span class='ocrx_word' id='word_1_55' title='bbox 498 1423 578 1473; x_wconf 88' lang='lat' dir='ltr'><strong>esse</strong></span> <span class='ocrx_word' id='word_1_56' title='bbox 612 1399 659 1472; x_wconf 92' lang='lat' dir='ltr'><strong>ad</strong></span> <span class='ocrx_word' id='word_1_57' title='bbox 693 1400 844 1496; x_wconf 90' lang='lat' dir='ltr'><strong>planum</strong></span> <span class='ocrx_word' id='word_1_58' title='bbox 879 1401 1031 1473; x_wconf 86' lang='lat' dir='ltr'><strong>chartae.</strong></span> <span class='ocrx_word' id='word_1_59' title='bbox 1083 1400 1213 1496; x_wconf 90' lang='lat' dir='ltr'><strong>ltaque</strong></span> 
     </span>
    </p>

    <p class='ocr_par' dir='ltr' id='par_1_7' title="bbox 171 1511 1213 1609">
     <span class='ocr_line' id='line_1_10' title="bbox 171 1511 1213 1609; baseline 0.004 -27"><span class='ocrx_word' id='word_1_60' title='bbox 171 1533 297 1582; x_wconf 87' lang='lat' dir='ltr'><strong>omnes</strong></span> <span class='ocrx_word' id='word_1_61' title='bbox 315 1511 544 1602; x_wconf 84' lang='lat' dir='ltr'><strong>semicirculi,</strong></span> <span class='ocrx_word' id='word_1_62' title='bbox 559 1511 734 1609; x_wconf 89' lang='lat' dir='ltr'><strong>descripti</strong></span> <span class='ocrx_word' id='word_1_63' title='bbox 752 1514 1024 1587; x_wconf 88' lang='lat' dir='ltr'><strong>aconversione</strong></span> <span class='ocrx_word' id='word_1_64' title='bbox 1036 1512 1213 1608; x_wconf 87' lang='lat' dir='ltr'><strong>trianguli</strong></span> 
     </span>
    </p>

    <p class='ocr_par' dir='ltr' id='par_1_8' title="bbox 171 1624 1215 1723">
     <span class='ocr_line' id='line_1_11' title="bbox 171 1624 1215 1723; baseline 0.002 -28"><span class='ocrx_word' id='word_1_65' title='bbox 171 1624 270 1696; x_wconf 90' lang='lat' dir='ltr'><strong>FDB</strong></span> <span class='ocrx_word' id='word_1_66' title='bbox 314 1647 424 1720; x_wconf 91' lang='lat' dir='ltr'><strong>super</strong></span> <span class='ocrx_word' id='word_1_67' title='bbox 459 1625 584 1698; x_wconf 90' lang='lat' dir='ltr'><strong>basem</strong></span> <span class='ocrx_word' id='word_1_68' title='bbox 614 1626 693 1715; x_wconf 89' lang='lat' dir='ltr'><strong>FD,</strong></span> <span class='ocrx_word' id='word_1_69' title='bbox 719 1626 1074 1723; x_wconf 89' lang='lat' dir='ltr'><strong>aequiponderabunt</strong></span> <span class='ocrx_word' id='word_1_70' title='bbox 1103 1647 1215 1721; x_wconf 90' lang='lat' dir='ltr'><strong>snper</strong></span> 
     </span>
    </p>

    <p class='ocr_par' dir='ltr' id='par_1_9' title="bbox 170 1736 1214 2061">
     <span class='ocr_line' id='line_1_12' title="bbox 170 1736 1214 1835; baseline 0.004 -28"><span class='ocrx_word' id='word_1_71' title='bbox 170 1749 308 1808; x_wconf 90' lang='lat' dir='ltr'><strong>rectam</strong></span> <span class='ocrx_word' id='word_1_72' title='bbox 326 1737 401 1825; x_wconf 86' lang='lat' dir='ltr'><strong>FT,</strong></span> <span class='ocrx_word' id='word_1_73' title='bbox 420 1750 581 1810; x_wconf 87' lang='lat' dir='ltr'><strong>erectam</strong></span> <span class='ocrx_word' id='word_1_74' title='bbox 602 1738 650 1811; x_wconf 88' lang='lat' dir='ltr'><strong>ad</strong></span> <span class='ocrx_word' id='word_1_75' title='bbox 667 1740 818 1835; x_wconf 91' lang='lat' dir='ltr'><strong>planum</strong></span> <span class='ocrx_word' id='word_1_76' title='bbox 835 1740 987 1812; x_wconf 86' lang='lat' dir='ltr'><strong>chartae.</strong></span> <span class='ocrx_word' id='word_1_77' title='bbox 1023 1737 1096 1811; x_wconf 89' lang='lat' dir='ltr'><strong>Sed</strong></span> <span class='ocrx_word' id='word_1_78' title='bbox 1114 1736 1214 1834; x_wconf 94' lang='lat' dir='ltr'><strong>quod</strong></span> 
     </span>
     <span class='ocr_line' id='line_1_13' title="bbox 171 1849 1213 1948; baseline 0.001 -27"><span class='ocrx_word' id='word_1_79' title='bbox 171 1849 515 1944; x_wconf 88' lang='lat' dir='ltr'><strong>equiponderabunt</strong></span> <span class='ocrx_word' id='word_1_80' title='bbox 532 1852 644 1925; x_wconf 88' lang='lat' dir='ltr'><strong>etiam</strong></span> <span class='ocrx_word' id='word_1_81' title='bbox 668 1876 778 1948; x_wconf 91' lang='lat' dir='ltr'><strong>super</strong></span> <span class='ocrx_word' id='word_1_82' title='bbox 793 1890 839 1939; x_wconf 78' lang='grc' dir='ltr'><strong>γγ</strong></span> <span class='ocrx_word' id='word_1_83' title='bbox 856 1852 1024 1925; x_wconf 91' lang='lat' dir='ltr'><strong>similiter</strong></span> <span class='ocrx_word' id='word_1_84' title='bbox 1040 1862 1213 1938; x_wconf 89' lang='lat' dir='ltr'><strong>erectam,</strong></span> 
     </span>
     <span class='ocr_line' id='line_1_14' title="bbox 171 1962 1213 2061; baseline 0 -26"><span class='ocrx_word' id='word_1_85' title='bbox 171 1964 405 2036; x_wconf 87' lang='lat' dir='ltr'><strong>manifestum</strong></span> <span class='ocrx_word' id='word_1_86' title='bbox 419 1976 474 2036; x_wconf 91' lang='lat' dir='ltr'><strong>est</strong></span> <span class='ocrx_word' id='word_1_87' title='bbox 488 1987 533 2037; x_wconf 86' lang='lat' dir='ltr'><strong>ex</strong></span> <span class='ocrx_word' id='word_1_88' title='bbox 546 1988 602 2053; x_wconf 92' lang='lat' dir='ltr'><strong>eo,</strong></span> <span class='ocrx_word' id='word_1_89' title='bbox 614 1965 714 2061; x_wconf 93' lang='lat' dir='ltr'><strong>quod</strong></span> <span class='ocrx_word' id='word_1_90' title='bbox 727 1966 781 2052; x_wconf 69' lang='grc' dir='ltr'><strong>Ἐγ</strong></span> <span class='ocrx_word' id='word_1_91' title='bbox 799 1966 917 2040; x_wconf 87' lang='lat' dir='ltr'><strong>estad</strong></span> <span class='ocrx_word' id='word_1_92' title='bbox 930 1965 1060 2053; x_wconf 66' lang='lat' dir='ltr'><strong>yD,ut</strong></span> <span class='ocrx_word' id='word_1_93' title='bbox 1078 1974 1100 2037; x_wconf 90' lang='lat'><strong>3</strong></span> <span class='ocrx_word' id='word_1_94' title='bbox 1119 1962 1213 2036; x_wconf 88' lang='lat' dir='ltr'><strong>adl.</strong></span> 
     </span>
    </p>

    <p class='ocr_par' dir='ltr' id='par_1_10' title="bbox 170 2076 1215 2288">
     <span class='ocr_line' id='line_1_15' title="bbox 171 2076 1215 2174; baseline -0.001 -25"><span class='ocrx_word' id='word_1_95' title='bbox 171 2078 237 2149; x_wconf 85' lang='lat' dir='ltr'><strong>Est.</strong></span> <span class='ocrx_word' id='word_1_96' title='bbox 262 2101 351 2172; x_wconf 86' lang='lat' dir='ltr'><strong>ergo</strong></span> <span class='ocrx_word' id='word_1_97' title='bbox 374 2091 542 2151; x_wconf 87' lang='lat' dir='ltr'><strong>centrum</strong></span> <span class='ocrx_word' id='word_1_98' title='bbox 565 2080 757 2174; x_wconf 85' lang='lat' dir='ltr'><strong>gravitatis</strong></span> <span class='ocrx_word' id='word_1_99' title='bbox 783 2078 970 2169; x_wconf 89' lang='lat' dir='ltr'><strong>semicoui,</strong></span> <span class='ocrx_word' id='word_1_100' title='bbox 995 2076 1215 2173; x_wconf 75' lang='lat' dir='ltr'><strong>descriptis</strong></span> 
     </span>
     <span class='ocr_line' id='line_1_16' title="bbox 170 2189 1214 2288; baseline -0.001 -27"><span class='ocrx_word' id='word_1_101' title='bbox 170 2190 355 2285; x_wconf 86' lang='lat' dir='ltr'><strong>triangulo</strong></span> <span class='ocrx_word' id='word_1_102' title='bbox 381 2191 493 2278; x_wconf 79' lang='lat' dir='ltr'><strong>FDB,</strong></span> <span class='ocrx_word' id='word_1_103' title='bbox 517 2191 556 2264; x_wconf 93' lang='lat' dir='ltr'><strong>in</strong></span> <span class='ocrx_word' id='word_1_104' title='bbox 581 2205 720 2288; x_wconf 90' lang='lat' dir='ltr'><strong>puncto</strong></span> <span class='ocrx_word' id='word_1_105' title='bbox 743 2194 777 2263; x_wconf 92' lang='lat' dir='ltr'>V</span> <span class='ocrx_word' id='word_1_106' title='bbox 802 2193 944 2266; x_wconf 87' lang='lat' dir='ltr'><strong>elevato</strong></span> <span class='ocrx_word' id='word_1_107' title='bbox 971 2189 1214 2288; x_wconf 89' lang='lat' dir='ltr'><strong>perpendicu-</strong></span> 
     </span>
    </p>

    <p class='ocr_par' dir='ltr' id='par_1_11' title="bbox 170 2302 1214 2399">
     <span class='ocr_line' id='line_1_17' title="bbox 170 2302 1214 2399; baseline 0.002 -25"><span class='ocrx_word' id='word_1_108' title='bbox 170 2302 294 2375; x_wconf 90' lang='lat' dir='ltr'><strong>lariter</strong></span> <span class='ocrx_word' id='word_1_109' title='bbox 318 2326 427 2399; x_wconf 86' lang='lat' dir='ltr'><strong>super</strong></span> <span class='ocrx_word' id='word_1_110' title='bbox 452 2303 604 2399; x_wconf 91' lang='lat' dir='ltr'><strong>planum</strong></span> <span class='ocrx_word' id='word_1_111' title='bbox 627 2305 765 2379; x_wconf 89' lang='lat' dir='ltr'><strong>chartae</strong></span> <span class='ocrx_word' id='word_1_112' title='bbox 786 2306 862 2378; x_wconf 90' lang='lat' dir='ltr'><strong>sive</strong></span> <span class='ocrx_word' id='word_1_113' title='bbox 881 2304 1085 2377; x_wconf 83' lang='lat' dir='ltr'><strong>horizontis</strong></span> <span class='ocrx_word' id='word_1_114' title='bbox 1107 2303 1147 2376; x_wconf 91' lang='lat' dir='ltr'><strong>in</strong></span> <span class='ocrx_word' id='word_1_115' title='bbox 1170 2332 1214 2387; x_wconf 67' lang='lat'><strong>73</strong></span> 
     </span>
    </p>

    <p class='ocr_par' dir='ltr' id='par_1_12' title="bbox 171 2416 1214 2514">
     <span class='ocr_line' id='line_1_18' title="bbox 171 2416 1214 2514; baseline 0 -26"><span class='ocrx_word' id='word_1_116' title='bbox 171 2429 208 2488; x_wconf 86' lang='lat' dir='ltr'><strong>et</strong></span> <span class='ocrx_word' id='word_1_117' title='bbox 232 2416 343 2489; x_wconf 90' lang='lat' dir='ltr'><strong>distat</strong></span> <span class='ocrx_word' id='word_1_118' title='bbox 370 2441 393 2489; x_wconf 90' lang='lat' dir='ltr'><strong>a</strong></span> <span class='ocrx_word' id='word_1_119' title='bbox 418 2430 558 2513; x_wconf 91' lang='lat' dir='ltr'><strong>puncto</strong></span> <span class='ocrx_word' id='word_1_120' title='bbox 585 2456 616 2506; x_wconf 80' lang='grc' dir='ltr'><strong>γ,</strong></span> <span class='ocrx_word' id='word_1_121' title='bbox 648 2419 747 2514; x_wconf 94' lang='lat' dir='ltr'><strong>quod</strong></span> <span class='ocrx_word' id='word_1_122' title='bbox 782 2431 839 2492; x_wconf 91' lang='lat' dir='ltr'><strong>est</strong></span> <span class='ocrx_word' id='word_1_123' title='bbox 868 2418 908 2492; x_wconf 89' lang='lat' dir='ltr'><strong>in</strong></span> <span class='ocrx_word' id='word_1_124' title='bbox 933 2419 1033 2506; x_wconf 89' lang='lat' dir='ltr'><strong>base,</strong></span> <span class='ocrx_word' id='word_1_125' title='bbox 1068 2427 1214 2490; x_wconf 90' lang='lat' dir='ltr'><strong>tantum</strong></span> 
     </span>
    </p>

    <p class='ocr_par' dir='ltr' id='par_1_13' title="bbox 171 2527 1216 2628">
     <span class='ocr_line' id='line_1_19' title="bbox 171 2527 1216 2628; baseline 0 -27"><span class='ocrx_word' id='word_1_126' title='bbox 171 2542 309 2625; x_wconf 87' lang='lat' dir='ltr'><strong>quanta</strong></span> <span class='ocrx_word' id='word_1_127' title='bbox 326 2542 381 2602; x_wconf 91' lang='lat' dir='ltr'><strong>est</strong></span> <span class='ocrx_word' id='word_1_128' title='bbox 399 2527 435 2621; x_wconf 68' lang='grc' dir='ltr'><strong>-ζ-</strong></span> <span class='ocrx_word' id='word_1_129' title='bbox 453 2555 559 2604; x_wconf 91' lang='lat' dir='ltr'><strong>arcus</strong></span> <span class='ocrx_word' id='word_1_130' title='bbox 576 2532 794 2605; x_wconf 89' lang='lat' dir='ltr'><strong>semicirculi</strong></span> <span class='ocrx_word' id='word_1_131' title='bbox 814 2531 988 2628; x_wconf 88' lang='lat' dir='ltr'><strong>descripti</strong></span> <span class='ocrx_word' id='word_1_132' title='bbox 1005 2554 1028 2602; x_wconf 90' lang='lat' dir='ltr'><strong>a</strong></span> <span class='ocrx_word' id='word_1_133' title='bbox 1044 2529 1216 2602; x_wconf 89' lang='lat' dir='ltr'><strong>semidia-</strong></span> 
     </span>
    </p>

    <p class='ocr_par' dir='ltr' id='par_1_14' title="bbox 171 2642 926 2732">
     <span class='ocr_line' id='line_1_20' title="bbox 171 2642 926 2732; baseline 0 -17"><span class='ocrx_word' id='word_1_134' title='bbox 171 2657 289 2715; x_wconf 88' lang='lat' dir='ltr'><strong>metro</strong></span> <span class='ocrx_word' id='word_1_135' title='bbox 312 2644 388 2732; x_wconf 81' lang='grc' dir='ltr'><strong>γΧ,</strong></span> <span class='ocrx_word' id='word_1_136' title='bbox 410 2644 485 2717; x_wconf 89' lang='lat' dir='ltr'><strong>sive</strong></span> <span class='ocrx_word' id='word_1_137' title='bbox 510 2643 688 2718; x_wconf 85' lang='lat' dir='ltr'><strong>dodrante</strong></span> <span class='ocrx_word' id='word_1_138' title='bbox 710 2656 822 2718; x_wconf 88' lang='lat' dir='ltr'><strong>reetae</strong></span> <span class='ocrx_word' id='word_1_139' title='bbox 843 2642 926 2718; x_wconf 90' lang='lat' dir='ltr'><strong>DB.</strong></span> 
     </span>
    </p>

    <p class='ocr_par' dir='ltr' id='par_1_15' title="bbox 168 2753 1216 4324">
     <span class='ocr_line' id='line_1_21' title="bbox 221 2753 1216 2854; baseline 0 -27"><span class='ocrx_word' id='word_1_140' title='bbox 221 2757 374 2843; x_wconf 67' lang='lat' dir='ltr'><strong>Rursus</strong></span> <span class='ocrx_word' id='word_1_141' title='bbox 395 2758 568 2852; x_wconf 88' lang='lat' dir='ltr'><strong>quoniam</strong></span> <span class='ocrx_word' id='word_1_142' title='bbox 588 2770 756 2831; x_wconf 84' lang='lat' dir='ltr'><strong>centrum</strong></span> <span class='ocrx_word' id='word_1_143' title='bbox 784 2756 977 2854; x_wconf 85' lang='lat' dir='ltr'><strong>gravitatis</strong></span> <span class='ocrx_word' id='word_1_144' title='bbox 1001 2753 1216 2851; x_wconf 87' lang='lat' dir='ltr'><strong>quadrantis</strong></span> 
     </span>
     <span class='ocr_line' id='line_1_22' title="bbox 170 2866 1212 2968; baseline -0.005 -25"><span class='ocrx_word' id='word_1_145' title='bbox 170 2871 278 2944; x_wconf 87' lang='lat' dir='ltr'><strong>ABC</strong></span> <span class='ocrx_word' id='word_1_146' title='bbox 297 2870 415 2943; x_wconf 89' lang='lat' dir='ltr'><strong>estad</strong></span> <span class='ocrx_word' id='word_1_147' title='bbox 441 2872 511 2943; x_wconf 73' lang='lat' dir='ltr'><strong>vin</strong></span> <span class='ocrx_word' id='word_1_148' title='bbox 530 2885 634 2944; x_wconf 88' lang='lat' dir='ltr'><strong>recta</strong></span> <span class='ocrx_word' id='word_1_149' title='bbox 651 2873 722 2956; x_wconf 77' lang='lat' dir='ltr'><strong>Aa,</strong></span> <span class='ocrx_word' id='word_1_150' title='bbox 740 2896 824 2968; x_wconf 87' lang='lat' dir='ltr'><strong>quae</strong></span> <span class='ocrx_word' id='word_1_151' title='bbox 843 2869 973 2943; x_wconf 91' lang='lat' dir='ltr'><strong>dividit</strong></span> <span class='ocrx_word' id='word_1_152' title='bbox 990 2892 1118 2942; x_wconf 90' lang='lat' dir='ltr'><strong>arcum</strong></span> <span class='ocrx_word' id='word_1_153' title='bbox 1144 2866 1212 2939; x_wconf 83' lang='lat' dir='ltr'><strong>Bc</strong></span> 
     </span>
     <span class='ocr_line' id='line_1_23' title="bbox 168 2979 1214 3081; baseline -0.004 -26"><span class='ocrx_word' id='word_1_154' title='bbox 168 2984 350 3072; x_wconf 84' lang='lat' dir='ltr'><strong>bifariam,</strong></span> <span class='ocrx_word' id='word_1_155' title='bbox 369 2985 440 3056; x_wconf 92' lang='lat' dir='ltr'><strong>erit</strong></span> <span class='ocrx_word' id='word_1_156' title='bbox 457 2990 603 3081; x_wconf 82' lang='lat' dir='ltr'><strong>quoque</strong></span> <span class='ocrx_word' id='word_1_157' title='bbox 623 2998 792 3057; x_wconf 90' lang='lat' dir='ltr'><strong>centrum</strong></span> <span class='ocrx_word' id='word_1_158' title='bbox 809 2983 1001 3078; x_wconf 83' lang='lat' dir='ltr'><strong>gravitatis</strong></span> <span class='ocrx_word' id='word_1_159' title='bbox 1030 2979 1214 3078; x_wconf 91' lang='lat' dir='ltr'><strong>quadran-</strong></span> 
     </span>
     <span class='ocr_line' id='line_1_24' title="bbox 169 3095 1215 3195; baseline -0.003 -26"><span class='ocrx_word' id='word_1_160' title='bbox 169 3099 216 3169; x_wconf 92' lang='lat' dir='ltr'><strong>tis</strong></span> <span class='ocrx_word' id='word_1_161' title='bbox 252 3097 426 3195; x_wconf 87' lang='lat' dir='ltr'><strong>descripti</strong></span> <span class='ocrx_word' id='word_1_162' title='bbox 457 3124 479 3171; x_wconf 88' lang='lat' dir='ltr'><strong>a</strong></span> <span class='ocrx_word' id='word_1_163' title='bbox 506 3098 578 3172; x_wconf 91' lang='lat' dir='ltr'><strong>DB</strong></span> <span class='ocrx_word' id='word_1_164' title='bbox 606 3099 644 3171; x_wconf 93' lang='lat' dir='ltr'><strong>in</strong></span> <span class='ocrx_word' id='word_1_165' title='bbox 675 3110 777 3172; x_wconf 90' lang='lat' dir='ltr'><strong>recta</strong></span> <span class='ocrx_word' id='word_1_166' title='bbox 806 3120 889 3193; x_wconf 87' lang='lat' dir='ltr'><strong>quae</strong></span> <span class='ocrx_word' id='word_1_167' title='bbox 923 3095 1054 3168; x_wconf 91' lang='lat' dir='ltr'><strong>dividit</strong></span> <span class='ocrx_word' id='word_1_168' title='bbox 1087 3116 1215 3166; x_wconf 91' lang='lat' dir='ltr'><strong>arcum</strong></span> 
     </span>
     <span class='ocr_line' id='line_1_25' title="bbox 171 3209 1215 3309; baseline -0.005 -26"><span class='ocrx_word' id='word_1_169' title='bbox 171 3211 385 3306; x_wconf 87' lang='lat' dir='ltr'><strong>quadrantis</strong></span> <span class='ocrx_word' id='word_1_170' title='bbox 398 3211 561 3309; x_wconf 89' lang='lat' dir='ltr'><strong>ejusdem</strong></span> <span class='ocrx_word' id='word_1_171' title='bbox 580 3211 769 3294; x_wconf 81' lang='lat' dir='ltr'><strong>bifariam3</strong></span> <span class='ocrx_word' id='word_1_172' title='bbox 796 3209 1021 3304; x_wconf 86' lang='lat' dir='ltr'><strong>distabitque</strong></span> <span class='ocrx_word' id='word_1_173' title='bbox 1034 3220 1215 3281; x_wconf 84' lang='lat' dir='ltr'><strong>tantuma</strong></span> 
     </span>
     <span class='ocr_line' id='line_1_26' title="bbox 169 3321 1211 3422; baseline -0.006 -25"><span class='ocrx_word' id='word_1_174' title='bbox 169 3337 308 3421; x_wconf 89' lang='lat' dir='ltr'><strong>puncto</strong></span> <span class='ocrx_word' id='word_1_175' title='bbox 321 3328 354 3400; x_wconf 92' lang='lat' dir='ltr'>D</span> <span class='ocrx_word' id='word_1_176' title='bbox 367 3339 504 3422; x_wconf 86' lang='lat' dir='ltr'><strong>quanta</strong></span> <span class='ocrx_word' id='word_1_177' title='bbox 523 3339 579 3398; x_wconf 87' lang='lat' dir='ltr'><strong>est</strong></span> <span class='ocrx_word' id='word_1_178' title='bbox 597 3324 709 3420; x_wconf 91' lang='lat' dir='ltr'><strong>dupla</strong></span> <span class='ocrx_word' id='word_1_179' title='bbox 720 3326 794 3396; x_wconf 79' lang='grc' dir='ltr'><strong>Αν.</strong></span> <span class='ocrx_word' id='word_1_180' title='bbox 832 3324 1007 3396; x_wconf 87' lang='lat' dir='ltr'><strong>Sumatur</strong></span> <span class='ocrx_word' id='word_1_181' title='bbox 1018 3321 1076 3410; x_wconf 72' lang='lat' dir='ltr'><strong>Dp</strong></span> <span class='ocrx_word' id='word_1_182' title='bbox 1090 3342 1211 3416; x_wconf 87' lang='lat' dir='ltr'><strong>aequa-</strong></span> 
     </span>
     <span class='ocr_line' id='line_1_27' title="bbox 169 3435 1213 3536; baseline -0.008 -26"><span class='ocrx_word' id='word_1_183' title='bbox 169 3439 214 3511; x_wconf 88' lang='lat' dir='ltr'><strong>lis</strong></span> <span class='ocrx_word' id='word_1_184' title='bbox 242 3439 364 3536; x_wconf 84' lang='lat' dir='ltr'><strong>duplae</strong></span> <span class='ocrx_word' id='word_1_185' title='bbox 382 3441 458 3527; x_wconf 86' lang='grc' dir='ltr'><strong>Αν,</strong></span> <span class='ocrx_word' id='word_1_186' title='bbox 486 3438 670 3532; x_wconf 88' lang='lat' dir='ltr'><strong>ductaque</strong></span> <span class='ocrx_word' id='word_1_187' title='bbox 688 3438 740 3528; x_wconf 64' lang='lat' dir='ltr'><strong>Fa</strong></span> <span class='ocrx_word' id='word_1_188' title='bbox 758 3447 859 3509; x_wconf 88' lang='lat' dir='ltr'><strong>secet</strong></span> <span class='ocrx_word' id='word_1_189' title='bbox 885 3446 1023 3508; x_wconf 86' lang='lat' dir='ltr'><strong>rectam</strong></span> <span class='ocrx_word' id='word_1_190' title='bbox 1050 3468 1096 3518; x_wconf 82' lang='grc' dir='ltr'><strong>γγ</strong></span> <span class='ocrx_word' id='word_1_191' title='bbox 1119 3435 1158 3505; x_wconf 89' lang='lat' dir='ltr'><strong>in</strong></span> <span class='ocrx_word' id='word_1_192' title='bbox 1183 3468 1213 3502; x_wconf 79' lang='grc' dir='ltr'><strong>υ.</strong></span> 
     </span>
     <span class='ocr_line' id='line_1_28' title="bbox 172 3547 1215 3648; baseline -0.002 -21"><span class='ocrx_word' id='word_1_193' title='bbox 172 3553 359 3628; x_wconf 78' lang='lat' dir='ltr'><strong>Quoniam</strong></span> <span class='ocrx_word' id='word_1_194' title='bbox 385 3576 474 3648; x_wconf 84' lang='lat' dir='ltr'><strong>ergo</strong></span> <span class='ocrx_word' id='word_1_195' title='bbox 494 3553 552 3642; x_wconf 74' lang='lat' dir='ltr'><strong>Dp</strong></span> <span class='ocrx_word' id='word_1_196' title='bbox 583 3563 638 3623; x_wconf 85' lang='lat' dir='ltr'><strong>cst</strong></span> <span class='ocrx_word' id='word_1_197' title='bbox 666 3551 841 3623; x_wconf 89' lang='lat' dir='ltr'><strong>distantia</strong></span> <span class='ocrx_word' id='word_1_198' title='bbox 872 3547 992 3621; x_wconf 90' lang='lat' dir='ltr'><strong>centri</strong></span> <span class='ocrx_word' id='word_1_199' title='bbox 1020 3547 1215 3641; x_wconf 85' lang='lat' dir='ltr'><strong>gravitatis</strong></span> 
     </span>
     <span class='ocr_line' id='line_1_29' title="bbox 170 3662 1214 3762; baseline -0.003 -24"><span class='ocrx_word' id='word_1_200' title='bbox 170 3666 384 3762; x_wconf 84' lang='lat' dir='ltr'><strong>quadrantis</strong></span> <span class='ocrx_word' id='word_1_201' title='bbox 398 3666 573 3761; x_wconf 90' lang='lat' dir='ltr'><strong>descripti</strong></span> <span class='ocrx_word' id='word_1_202' title='bbox 591 3664 863 3736; x_wconf 87' lang='lat' dir='ltr'><strong>semidiametro</strong></span> <span class='ocrx_word' id='word_1_203' title='bbox 882 3662 953 3735; x_wconf 93' lang='lat' dir='ltr'><strong>DB</strong></span> <span class='ocrx_word' id='word_1_204' title='bbox 972 3686 995 3734; x_wconf 89' lang='lat' dir='ltr'><strong>a</strong></span> <span class='ocrx_word' id='word_1_205' title='bbox 1011 3671 1148 3758; x_wconf 92' lang='lat' dir='ltr'><strong>puncto</strong></span> <span class='ocrx_word' id='word_1_206' title='bbox 1167 3662 1214 3752; x_wconf 90' lang='lat' dir='ltr'><strong>D,</strong></span> 
     </span>
     <span class='ocr_line' id='line_1_30' title="bbox 170 3775 1213 3875; baseline -0.004 -23"><span class='ocrx_word' id='word_1_207' title='bbox 170 3793 207 3853; x_wconf 91' lang='lat' dir='ltr'><strong>et</strong></span> <span class='ocrx_word' id='word_1_208' title='bbox 225 3781 280 3852; x_wconf 70' lang='lat' dir='ltr'><strong>Ar</strong></span> <span class='ocrx_word' id='word_1_209' title='bbox 300 3780 405 3852; x_wconf 90' lang='lat' dir='ltr'><strong>estin</strong></span> <span class='ocrx_word' id='word_1_210' title='bbox 424 3791 526 3852; x_wconf 88' lang='lat' dir='ltr'><strong>recta</strong></span> <span class='ocrx_word' id='word_1_211' title='bbox 541 3803 622 3875; x_wconf 89' lang='lat' dir='ltr'><strong>quae</strong></span> <span class='ocrx_word' id='word_1_212' title='bbox 641 3778 772 3850; x_wconf 82' lang='lat' dir='ltr'><strong>dividit</strong></span> <span class='ocrx_word' id='word_1_213' title='bbox 789 3801 915 3850; x_wconf 91' lang='lat' dir='ltr'><strong>arcum</strong></span> <span class='ocrx_word' id='word_1_214' title='bbox 938 3775 1006 3849; x_wconf 85' lang='lat' dir='ltr'><strong>BC</strong></span> <span class='ocrx_word' id='word_1_215' title='bbox 1032 3775 1213 3865; x_wconf 87' lang='lat' dir='ltr'><strong>bifariam,</strong></span> 
     </span>
     <span class='ocr_line' id='line_1_31' title="bbox 170 3887 1214 3990; baseline -0.004 -24"><span class='ocrx_word' id='word_1_216' title='bbox 170 3897 239 3968; x_wconf 90' lang='lat' dir='ltr'><strong>erit</strong></span> <span class='ocrx_word' id='word_1_217' title='bbox 257 3918 402 3990; x_wconf 91' lang='lat' dir='ltr'><strong>quoque</strong></span> <span class='ocrx_word' id='word_1_218' title='bbox 421 3927 462 3976; x_wconf 78' lang='grc' dir='ltr'><strong>γυ</strong></span> <span class='ocrx_word' id='word_1_219' title='bbox 480 3893 654 3967; x_wconf 86' lang='lat' dir='ltr'><strong>distantia</strong></span> <span class='ocrx_word' id='word_1_220' title='bbox 666 3891 784 3964; x_wconf 87' lang='lat' dir='ltr'><strong>centri</strong></span> <span class='ocrx_word' id='word_1_221' title='bbox 795 3889 986 3986; x_wconf 86' lang='lat' dir='ltr'><strong>gravitatis</strong></span> <span class='ocrx_word' id='word_1_222' title='bbox 998 3887 1214 3984; x_wconf 90' lang='lat' dir='ltr'><strong>quadrantis</strong></span> 
     </span>
     <span class='ocr_line' id='line_1_32' title="bbox 170 4001 1215 4104; baseline -0.007 -23"><span class='ocrx_word' id='word_1_223' title='bbox 170 4007 343 4104; x_wconf 87' lang='lat' dir='ltr'><strong>descripti</strong></span> <span class='ocrx_word' id='word_1_224' title='bbox 362 4033 385 4080; x_wconf 90' lang='lat' dir='ltr'><strong>a</strong></span> <span class='ocrx_word' id='word_1_225' title='bbox 399 4008 472 4096; x_wconf 75' lang='grc' dir='ltr'><strong>γΧ,</strong></span> <span class='ocrx_word' id='word_1_226' title='bbox 492 4019 529 4079; x_wconf 84' lang='lat' dir='ltr'><strong>et</strong></span> <span class='ocrx_word' id='word_1_227' title='bbox 548 4008 585 4079; x_wconf 90' lang='lat' dir='ltr'><strong>in</strong></span> <span class='ocrx_word' id='word_1_228' title='bbox 604 4017 706 4078; x_wconf 89' lang='lat' dir='ltr'><strong>recta</strong></span> <span class='ocrx_word' id='word_1_229' title='bbox 726 4029 808 4100; x_wconf 78' lang='lat' dir='ltr'><strong>quae</strong></span> <span class='ocrx_word' id='word_1_230' title='bbox 826 4001 958 4076; x_wconf 90' lang='lat' dir='ltr'><strong>dividit</strong></span> <span class='ocrx_word' id='word_1_231' title='bbox 975 4025 1102 4074; x_wconf 92' lang='lat' dir='ltr'><strong>arcum</strong></span> <span class='ocrx_word' id='word_1_232' title='bbox 1121 4001 1215 4097; x_wconf 87' lang='lat' dir='ltr'><strong>ejus·</strong></span> 
     </span>
     <span class='ocr_line' id='line_1_33' title="bbox 170 4113 1215 4216; baseline -0.006 -23"><span class='ocrx_word' id='word_1_233' title='bbox 170 4121 253 4194; x_wconf 85' lang='lat' dir='ltr'><strong>dem</strong></span> <span class='ocrx_word' id='word_1_234' title='bbox 282 4120 503 4216; x_wconf 86' lang='lat' dir='ltr'><strong>¹quadrantis</strong></span> <span class='ocrx_word' id='word_1_235' title='bbox 532 4120 594 4206; x_wconf 80' lang='grc' dir='ltr'><strong>γΧ</strong></span> <span class='ocrx_word' id='word_1_236' title='bbox 624 4119 805 4191; x_wconf 88' lang='lat' dir='ltr'><strong>bifariam.</strong></span> <span class='ocrx_word' id='word_1_237' title='bbox 872 4114 975 4188; x_wconf 90' lang='lat' dir='ltr'><strong>Idem</strong></span> <span class='ocrx_word' id='word_1_238' title='bbox 1006 4114 1142 4188; x_wconf 89' lang='lat' dir='ltr'><strong>accidit</strong></span> <span class='ocrx_word' id='word_1_239' title='bbox 1175 4113 1215 4187; x_wconf 92' lang='lat' dir='ltr'><strong>in</strong></span> 
     </span>
     <span class='ocr_line' id='line_1_34' title="bbox 170 4227 1215 4324; baseline -0.007 -17"><span class='ocrx_word' id='word_1_240' title='bbox 170 4235 314 4307; x_wconf 86' lang='lat' dir='ltr'><strong>caeteris</strong></span> <span class='ocrx_word' id='word_1_241' title='bbox 345 4234 516 4305; x_wconf 90' lang='lat' dir='ltr'><strong>omnibus</strong></span> <span class='ocrx_word' id='word_1_242' title='bbox 546 4232 725 4304; x_wconf 88' lang='lat' dir='ltr'><strong>ordinatis</strong></span> <span class='ocrx_word' id='word_1_243' title='bbox 756 4228 931 4324; x_wconf 82' lang='lat' dir='ltr'><strong>trianguli</strong></span> <span class='ocrx_word' id='word_1_244' title='bbox 961 4227 1082 4301; x_wconf 90' lang='lat' dir='ltr'><strong>FDB.</strong></span> <span class='ocrx_word' id='word_1_245' title='bbox 1147 4227 1215 4301; x_wconf 81' lang='lat' dir='ltr'><strong>Est</strong></span> 
     </span>
    </p>
   </div>
   <div class='ocr_carea' id='block_1_3' title="bbox 169 4340 1212 4445">
    <p class='ocr_par' dir='ltr' id='par_1_16' title="bbox 169 4340 1212 4445">
     <span class='ocr_line' id='line_1_35' title="bbox 169 4340 1212 4445; baseline -0.008 -25"><span class='ocrx_word' id='word_1_246' title='bbox 169 4349 283 4445; x_wconf 87' lang='lat' dir='ltr'><strong>igitur</strong></span> <span class='ocrx_word' id='word_1_247' title='bbox 301 4348 353 4439; x_wconf 73' lang='lat' dir='ltr'><strong>Fp</strong></span> <span class='ocrx_word' id='word_1_248' title='bbox 372 4347 549 4419; x_wconf 83' lang='lat' dir='ltr'><strong>diameter</strong></span> <span class='ocrx_word' id='word_1_249' title='bbox 567 4343 762 4440; x_wconf 86' lang='lat' dir='ltr'><strong>aequilibrii</strong></span> <span class='ocrx_word' id='word_1_250' title='bbox 780 4342 899 4433; x_wconf 88' lang='lat' dir='ltr'><strong>solidi,</strong></span> <span class='ocrx_word' id='word_1_251' title='bbox 919 4340 1017 4437; x_wconf 93' lang='lat' dir='ltr'><strong>quod</strong></span> <span class='ocrx_word' id='word_1_252' title='bbox 1030 4342 1075 4414; x_wconf 83' lang='lat' dir='ltr'><strong>fit</strong></span> <span class='ocrx_word' id='word_1_253' title='bbox 1092 4364 1212 4415; x_wconf 90' lang='lat' dir='ltr'><strong>acon-</strong></span> 
     </span>
    </p>
   </div>
   <div class='ocr_carea' id='block_1_4' title="bbox 0 0 1479 5010">
    <p class='ocr_par' dir='ltr' id='par_1_17' title="bbox 0 0 1479 5010">
     <span class='ocr_line' id='line_1_36' title="bbox 0 0 1479 5010; baseline 0 0"><span class='ocrx_word' id='word_1_254' title='bbox 0 0 1479 5010; x_wconf 95' lang='lat' dir='ltr'><strong> </strong></span> 
     </span>
    </p>
   </div>
  </div>
 </body>
</html>
