2946 5010
484 411 536 461 un
556 410 725 463 varona
744 412 880 465 naurs,
1134 407 1206 471 243

167 578 277 651 mitas
302 577 487 674 perforata
510 591 565 652 est
592 579 638 652 ad
666 582 774 671 latus,
800 583 959 681 oblique,
989 595 1031 658 ut
1061 587 1206 680 quando

167 715 258 786 opus
286 691 356 764 erit
379 692 523 764 occludi
546 704 584 766 et
604 694 744 766 recludi
770 697 898 791 possit.
950 697 1094 771 Partem
1123 723 1206 794 per-

165 805 323 878 foratam
353 805 538 900 appellant
563 805 758 881 valvulam.
813 810 856 882 In
879 809 1076 883 cavitatem
1098 811 1207 906 hujus

164 917 261 990 vasis
278 917 480 1014 cylindrici,
498 919 545 990 ab
567 943 643 992 una
665 932 770 1016 parte
800 921 974 995 inseritur
1004 947 1087 1017 pars
1114 925 1207 1010 tubi,

165 1054 247 1125 quae
260 1031 445 1126 prominet
461 1055 482 1103 e
499 1032 720 1127 recipiente:
738 1036 784 1107 ab
798 1035 913 1108 altera
924 1048 1030 1132 parte
1044 1036 1207 1133 adigitur

165 1143 351 1239 cylindrus
386 1143 523 1217 solidus
557 1168 602 1218 ex
629 1145 742 1242 ligno,
777 1149 840 1244 qui
875 1149 974 1221 corio
1001 1159 1121 1222 tectus
1155 1151 1207 1224 ita

164 1268 304 1343 exacte,
321 1255 368 1328 ad
392 1257 597 1352 ingressum
623 1260 717 1331 aeris
742 1260 1022 1354 prohibendum,
1049 1262 1206 1358 cylindri

164 1371 361 1442 cavitatem
379 1381 558 1466 exaequat,
575 1383 619 1443 ut
635 1371 775 1444 intrudi
792 1385 830 1445 et
852 1373 991 1446 retrahi
1014 1374 1086 1447 uisi
1116 1377 1205 1451 satis

164 1505 298 1577 magna
313 1483 350 1555 vi
367 1507 442 1556 non
458 1483 583 1578 possit.
613 1483 808 1578 Cylindrus
826 1485 886 1558 hic
904 1485 1040 1558 solidus
1052 1501 1206 1562 vocatur

163 1593 309 1684 Suetor,
323 1596 459 1692 quippe
476 1597 539 1692 qui
556 1597 751 1670 adhibetur
762 1597 810 1670 ad
826 1623 947 1671 aerem
965 1623 986 1670 e
1004 1600 1204 1696 recipiente

163 1709 407 1804 exugendum.
459 1711 709 1784 Intellextin'?

214 1823 262 1895 Α.
290 1824 358 1896 Ita.
422 1825 478 1899 Ex
509 1825 652 1898 duobus
686 1826 832 1898 vasibus
868 1826 1052 1914 concavis,
1087 1826 1203 1901 altero

163 1934 291 2024 vitreo,
320 1937 511 2032 sphaerico,
542 1938 658 2010 altero
686 1962 801 2026 aeneo,
829 1936 1041 2034 cylindrico,
1071 1940 1114 2010 fit
1142 1963 1204 2012 vas

162 2072 277 2120 unum
309 2072 536 2135 concavum3
562 2050 600 2122 in
631 2052 734 2146 cujus
763 2049 1000 2123 commissura
1029 2051 1204 2125 transitus

163 2163 239 2234 aeri
258 2162 305 2234 ad
322 2163 466 2236 libitum
484 2164 711 2260 permittitur
728 2163 786 2235 vel
803 2174 980 2258 negatur:
1006 2176 1045 2237 et
1060 2164 1204 2238 vulvula

163 2286 231 2361 est,
242 2299 308 2371 per
319 2301 429 2372 quam
443 2301 506 2349 aer
520 2300 636 2349 evase
651 2276 832 2362 inferiore,
845 2300 976 2372 nempe
990 2276 1202 2372 cylindrico,

163 2389 282 2461 emitti
295 2400 429 2485 potest,
444 2388 591 2484 quando
605 2414 696 2486 opus
715 2390 796 2477 erit,
815 2390 853 2462 in
871 2401 1039 2485 apertum
1057 2390 1200 2463 coelum.

211 2499 259 2574 B.
285 2502 416 2576 Tenes,
455 2503 646 2575 Suetorem
665 2515 801 2590 autem,
820 2502 905 2598 quia
920 2503 976 2575 vis
992 2502 1201 2597 requiritur,

162 2614 370 2688 machinula
405 2615 574 2710 quadam,
610 2615 709 2711 quali
743 2615 884 2687 utimur
918 2614 967 2687 ad
999 2615 1202 2689 tensionem

161 2727 388 2816 balistarum,
406 2729 536 2816 ferrea,
554 2728 718 2818 dentata,
732 2728 770 2803 iu
789 2727 995 2824 cylindrum
1012 2727 1204 2824 impellunt

161 2841 427 2937 revelluntque.
479 2843 545 2914 Est
570 2852 749 2937 praeterea
772 2841 811 2913 in
834 2841 1035 2937 recipiente
1061 2864 1203 2916 summo

162 2953 341 3027 orificium
358 2954 445 3028 satis
463 2954 636 3050 amplum,
652 2977 729 3026 una
745 2978 827 3027 cum
845 2955 1018 3050 operculo
1036 2967 1074 3028 et
1090 2955 1202 3028 clavi-

162 3069 256 3156 cula,
271 3068 405 3164 quibus
419 3067 466 3139 ad
482 3090 605 3140 aerem
616 3067 838 3139 ambientem
856 3065 1125 3141 admittendum
1141 3067 1201 3139 vel

162 3180 430 3254 excludendum
447 3181 582 3276 aperiri
602 3191 640 3252 et
663 3179 784 3252 claudi
811 3192 945 3274 potest.
997 3179 1202 3275 Imaginare

157 3295 247 3387 jam,
265 3294 422 3368 transitu
447 3294 545 3366 inter
570 3293 750 3388 recipiens
768 3305 805 3365 et
831 3293 1037 3389 cylindrum
1059 3315 1202 3365 aeneum

161 3431 237 3481 non
271 3407 461 3503 impedito,
496 3417 680 3479 suctorem
723 3429 838 3502 usque
872 3405 920 3478 ad
954 3405 1201 3478 summitatem

162 3519 317 3616 cylindri
347 3520 468 3616 adigi3
499 3520 631 3592 deinde
661 3520 819 3592 transitu
849 3519 938 3607 aeri,
961 3543 1067 3591 versa
1094 3517 1203 3591 clavi-

162 3633 255 3722 cula,
271 3633 430 3720 occluso,
443 3644 628 3705 suctorem
644 3632 911 3727 aliquantulum
927 3632 1074 3705 retrahi.
1102 3630 1201 3706 Quid

160 3757 269 3841 putas
287 3744 372 3818 inde
386 3744 649 3840 sequuturum?
700 3744 833 3817 Nonne
851 3744 999 3817 relictus
1016 3769 1039 3817 a
1055 3755 1201 3816 suctore

161 3859 264 3931 locus
291 3860 361 3932 erit
387 3858 552 3931 vacuus?
605 3856 713 3930 Unde
741 3858 838 3930 enirn
866 3857 938 3930 nisi
962 3857 1201 3952 arecipiente

161 3973 374 4068 repleretur,
419 3996 504 4044 cum
538 3970 734 4043 transitum
769 3969 945 4042 ambienti
983 3969 1059 4042 aeri
1091 3981 1202 4066 neget

161 4098 299 4172 suctor,
318 4084 474 4179 cylindri
492 4107 694 4156 concavum
712 4094 840 4156 exacte
856 4081 1039 4178 implens?

210 4198 257 4272 Α.
286 4199 415 4294 Neque
434 4196 530 4268 unde
548 4197 679 4292 repleri
695 4207 828 4292 potest,
843 4219 911 4270 nec
929 4195 1017 4292 quid
1031 4208 1200 4291 sequutu-

161 4336 244 4384 rum
261 4313 308 4385 sit
326 4311 411 4385 sciri
429 4334 535 4406 posse
558 4321 661 4406 puto,
679 4309 749 4382 nisi
774 4319 907 4383 natura
931 4309 1025 4383 aeris
1050 4309 1098 4382 sit
1115 4322 1201 4384 ante

1025 4444 1085 4496 aa
