2946 5010
355 437 668 492 unnnnunrrcm
689 437 931 491 nonnarum.
1113 425 1160 490 53

124 603 270 695 deiude,
300 620 487 705 resumpta
508 608 661 698 unitate,
685 631 760 682 non
783 606 830 679 ad
852 606 1001 705 viginti,
1022 606 1086 680 sed
1112 607 1161 680 ad
1195 630 1346 673 numera

123 718 356 813 quindecim
382 732 420 794 et
444 745 570 795 rursus
598 721 756 818 repetita
776 721 918 794 unitate
941 720 988 793 ad
1004 720 1160 819 uiginti3
1200 713 1342 817 „39⁴

123 829 211 904 inde
237 830 287 905 ad
313 832 450 932 viginti
479 833 647 932 quinque,
674 845 712 907 et
734 857 757 906 a
780 833 916 931 viginti
937 832 1093 931 quinque
1114 832 1162 906 ad

124 944 292 1042 triginti,
309 956 401 1020 eto:
428 955 604 1044 tanquam
632 956 716 1043 post
746 945 934 1037 decadem,
960 969 1027 1042 per
1052 947 1161 1020 unius

122 1067 271 1131 tantum
304 1082 434 1133 manus
468 1060 604 1156 digitos
632 1071 901 1157 computarent.
953 1058 1027 1132 Sed
1059 1083 1162 1133 more

123 1193 191 1244 suo
216 1171 327 1246 nimis
350 1184 502 1264 temere,
519 1198 588 1248 nec
611 1174 700 1248 satis
725 1174 857 1270 logice,
874 1174 1162 1271 propositionem

122 1307 170 1357 ex
183 1283 397 1360 inductione
413 1286 539 1362 intulit
555 1287 807 1362 universalem.
851 1286 1064 1362 Memineris
1081 1310 1162 1362 cras

123 1395 258 1488 redire,
274 1398 375 1473 circa
391 1400 546 1474 eandem
563 1401 703 1475 horam.

176 1509 225 1584 B.
253 1511 410 1586 Faciam.
462 1512 563 1586 Vale.

367 2088 616 2165 DIALOGUS
651 2088 925 2164 SECUNDUS.

174 2418 223 2490 A.
250 2417 351 2491 Bene
369 2416 531 2492 advenis.

176 2529 227 2604 B.
252 2530 415 2605 Gaudeo.

177 2644 226 2717 Α.
253 2644 386 2741 Capita
402 2644 474 2718 tria
495 2643 661 2741 proxime
684 2645 874 2740 sequentia
895 2644 1046 2742 perlegi,
1075 2645 1162 2719 dum

123 2755 281 2830 abesses.
339 2757 435 2830 Sunt
451 2770 575 2830 autem
594 2767 673 2829 tota
688 2756 920 2855 philologica.

176 2868 226 2942 B.
253 2869 387 2943 Nonne
404 2869 545 2943 erudite
559 2870 696 2966 scripta
713 2871 824 2944 sunt?

175 2981 222 3057 A.
248 2983 308 3058 An
332 3008 414 3081 quae
439 3006 508 3057 nec
528 2982 644 3072 utilia,
668 3007 737 3057 nec
760 2984 863 3073 falsa,
894 3007 963 3056 nec
996 2983 1165 3056 miranda

124 3106 223 3186 sunt,
240 3097 384 3193 placere
402 3119 508 3194 posse
525 3095 741 3169 arbitraris?
795 3096 923 3192 Capite
952 3107 1069 3187 sexto,
1099 3096 1163 3170 ubi

124 3208 320 3306 pollicetur
352 3210 542 3283 nominum
571 3208 813 3281 numeralium
842 3209 1057 3283 Latinorum
1085 3234 1164 3283 om-

124 3320 747 3395 niumderirationcmanominibus
756 3323 1003 3396 numeralibus
1012 3322 1163 3412 GraeciS,

125 3435 218 3508 nihil
234 3444 388 3531 praestat
402 3444 645 3531 praeterquam
664 3434 764 3530 quod
786 3438 1036 3533 conjecturam
1052 3434 1165 3508 faciat

125 3572 149 3621 a
164 3546 402 3621 similitudine
419 3547 621 3621 literarum.
661 3548 714 3622 Ut
737 3558 880 3622 taceam
905 3560 1028 3622 autem
1053 3547 1164 3644 quod,

124 3661 294 3759 promissi
312 3661 460 3751 oblitus,
479 3659 627 3734 deducit
652 3661 848 3735 secundnm
871 3685 904 3750 a,
929 3684 1005 3735 non
1022 3660 1164 3751 Graeco,

125 3796 287 3871 aequom
322 3773 410 3871 quid
436 3773 557 3848 tritius
580 3797 659 3847 esse
682 3784 803 3870 potest
827 3799 937 3871 quam
962 3773 1032 3847 dno
1055 3798 1078 3847 a
1103 3781 1163 3864 tto,

126 3899 241 3961 mesa
261 3900 346 3976 τρεῖς,
371 3910 436 3961 sex
453 3888 498 3960 ab
516 3900 553 3978 a,
580 3900 721 3983 septem
744 3887 790 3959 ab
808 3895 887 3977 trra,
918 3898 1002 3960 octo
1030 3887 1076 3960 ab
1104 3894 1164 3955 tm

125 4000 320 4075 derivare?
381 4000 481 4075 Quid
514 4001 673 4096 ineptius
703 4023 812 4094 quam
844 3997 972 4071 bellum
998 4022 1021 4071 a
1049 4010 1166 4086 πόλεμος

126 4115 332 4197 deducere;
359 4124 397 4185 et
414 4138 520 4186 annm
537 4112 658 4186 dicere
676 4112 781 4208 quasi
798 4122 866 4200 atr,
883 4110 1044 4205 (mallem
1062 4111 1166 4208 quasi

124 4233 222 4324 tems),
245 4236 286 4301 et
302 4225 390 4299 inde
407 4249 473 4319 per
490 4225 653 4316 hornam,
661 4226 855 4323 soletum,
868 4223 1027 4314 doenum,
1039 4225 1165 4298 venire

125 4341 169 4415 ad
193 4342 330 4418 bonum
341 4366 357 4424 ,·
384 4337 471 4434 quia
495 4338 677 4413 scholares
698 4337 825 4412 dicunt
841 4362 956 4413 unum
974 4347 1012 4411 et
1026 4338 1165 4411 bonum
