2946 5010
486 417 539 467 nn
560 417 730 472 narona
750 418 886 470 Alanis.
1133 408 1204 473 Ι941

217 579 263 653 Α.
291 581 405 655 Recte
433 583 535 672 dicis,
567 583 676 658 modo
706 585 875 658 voluntas
901 607 945 656 ea
961 582 1008 656 ad
1037 584 1209 686 scientias

167 693 278 787 ipsas,
296 718 371 768 non
395 696 443 768 ad
470 697 608 792 ingenii
625 697 781 794 gloriam
805 697 997 792 dirigatur.
1050 697 1123 770 Sed
1150 698 1209 771 dic

166 829 302 903 quaeso,
321 809 358 881 iu
378 810 498 883 causis
517 834 639 883 rerum
660 809 924 906 investigandis
953 833 1063 906 quam
1090 811 1210 908 sequi-

166 920 256 992 mini
270 921 508 995 methodum?

218 1032 266 1106 Β.
295 1035 535 1109 Proferuntur
560 1035 678 1132 primo
705 1036 967 1132 experimenta,
986 1035 1118 1109 deinde
1135 1036 1207 1110 alio

166 1144 236 1233 die,
248 1170 357 1244 quam
376 1148 526 1245 quisque
538 1172 684 1221 causam
703 1149 936 1245 phaenomeni
953 1173 1031 1223 esse
1045 1149 1207 1245 suspica-

165 1271 238 1346 tur,
257 1283 337 1332 eam
356 1261 439 1335 viva
454 1286 557 1350 voce,
575 1273 617 1334 ut
634 1273 770 1357 potest,
789 1262 957 1357 explicat.
1012 1262 1108 1334 Nam
1135 1262 1208 1335 his·

165 1372 271 1445 toriae
287 1375 447 1446 naturali
465 1376 611 1470 scriptae
629 1399 704 1447 non
722 1375 809 1447 satis
833 1374 1001 1458 fidimus3
1028 1398 1147 1470 neque
1175 1375 1206 1447 si

164 1485 377 1559 certissimae
394 1497 526 1574 essent,
545 1488 633 1559 satis
651 1488 828 1560 inservire
857 1499 1007 1583 possent
1033 1487 1205 1563 instituto

163 1607 303 1682 nostro,
321 1596 431 1671 nudae
449 1598 649 1671 existentes
664 1598 1037 1686 circumstantiarum,
1056 1623 1140 1695 quae
1157 1599 1205 1672 ad

165 1734 294 1784 causas
311 1711 497 1784 naturales
516 1712 755 1785 inveniendas
772 1724 859 1786 sunt
875 1713 1104 1786 necessariae.

214 1824 263 1896 Α.
290 1824 447 1897 Rectum
461 1825 608 1920 quidem
626 1825 716 1898 illud
734 1836 800 1910 est,
812 1825 858 1898 de
876 1850 950 1898 uon
970 1836 1108 1898 temere
1127 1848 1206 1898 cre-

164 1935 284 2009 denda
300 1937 465 2011 historia.
519 1938 590 2011 Sed
610 1962 658 2010 au
676 1940 788 2010 etiam
805 1962 850 2010 ea
863 1939 1105 2033 phaenomena
1123 1961 1204 2033 quae

163 2070 387 2145 unoquoque
414 2050 490 2122 sere
521 2050 580 2122 die
609 2051 859 2146 unusquisque
889 2062 1052 2122 vestrum
1080 2050 1205 2124 videre

163 2172 296 2256 potest,
310 2175 479 2258 suspecta
495 2174 592 2251 sunt,
605 2162 675 2234 nisi
693 2162 755 2234 illa
773 2186 899 2235 omnes
911 2162 1019 2234 simul
1031 2161 1204 2235 videatis?

164 2274 239 2346 Aut
266 2298 310 2346 ea
336 2299 418 2370 quae
434 2274 568 2347 videtis
590 2276 629 2347 in
653 2274 820 2347 conclavi
839 2274 1103 2371 experimenta,
1122 2298 1204 2371 quae

162 2409 249 2458 sane
279 2412 398 2484 pauca
430 2412 509 2461 esse
540 2398 696 2476 constat,
728 2389 815 2460 satis
845 2411 925 2460 esse
959 2387 1134 2471 creditis;
1161 2411 1205 2461 ea

161 2510 297 2590 antem,
316 2526 397 2597 quae
414 2502 517 2574 vobis
536 2500 700 2597 quotidie
718 2511 905 2574 ostentant
922 2502 1057 2575 coelum
1075 2501 1203 2589 altum,

161 2624 369 2710 pontusque
398 2627 437 2688 et
467 2615 543 2687 lato
573 2627 725 2711 pectore
750 2614 870 2704 tellus,
904 2615 994 2688 satis
1022 2637 1100 2687 esse
1129 2638 1205 2688 non

160 2728 324 2823 putatis?

211 2842 260 2913 B.
288 2841 384 2914 Sunt
412 2842 510 2914 enim
544 2853 688 2914 naturae
723 2863 836 2936 opera
863 2841 1033 2937 quaedam
1061 2840 1202 2931 critica,

160 2976 235 3025 non
252 2953 324 3026 nisi
341 2967 420 3027 arte
432 2966 469 3027 et
480 2954 670 3051 diligentia
681 2954 788 3027 nobis
801 2955 973 3050 cognita;
992 2956 1203 3051 inquorum

160 3090 235 3138 uno
247 3066 369 3163 aliquo
384 3078 536 3155 naturae,
554 3080 597 3140 ut
624 3069 676 3140 ita
703 3068 836 3157 dicam,
854 3067 1060 3155 artificium,
1078 3066 1117 3139 id
1134 3077 1202 3155 est,

161 3179 292 3252 modus
315 3180 491 3276 operandi
526 3181 756 3254 manifestius
792 3205 831 3254 se
865 3179 1001 3276 prodit,
1030 3203 1140 3274 quam
1163 3179 1203 3266 in

162 3293 299 3366 centies
322 3295 420 3366 mille
437 3295 687 3390 phoenomenis
705 3295 785 3367 istis
814 3292 1048 3390 quotidianis,
1099 3291 1203 3365 Talia

161 3417 284 3479 autem
319 3418 404 3480 sunt
438 3408 690 3503 experimenta
722 3419 861 3494 nostra,
897 3429 1053 3505 quorum
1093 3405 1202 3476 uuius

161 3543 273 3592 causa
285 3519 434 3593 inventa
445 3520 493 3593 ad
510 3544 702 3593 numerum
726 3519 911 3592 infinitum
934 3519 1054 3614 aptari
1079 3528 1203 3612 potest

161 3631 431 3727 phaenomenon
448 3633 708 3706 communium.

213 3748 262 3820 Α.
290 3748 470 3822 Quaenam
489 3760 574 3821 sunt
588 3745 677 3819 illa?
717 3744 789 3817 Sed
807 3744 909 3841 prius
936 3741 1062 3815 audire
1080 3741 1201 3835 cupio,

161 3859 310 3955 quinam
328 3862 400 3933 sint
418 3862 470 3934 illi
487 3862 653 3934 homines
671 3858 771 3932 docti
799 3859 861 3954 qui
880 3867 1038 3929 vestram
1065 3853 1202 3926 cousti-

162 3986 273 4046 tuunt
299 3975 548 4049 Academiam.
618 3975 716 4047 Nam
754 3970 973 4045 Academias
1016 3968 1203 4065 appellant

161 4087 354 4158 societates
387 4087 564 4181 ejusmodi
589 4088 683 4160 Galli
711 4085 880 4180 Italique.
937 4082 1063 4154 Talem
1099 4082 1202 4153 aiunt

161 4223 241 4271 esse
259 4199 405 4271 Parisiis
418 4199 527 4272 hodie
546 4201 582 4270 iu
601 4199 709 4272 domo
728 4197 866 4270 domiui
891 4194 1101 4269 Mommori.
1153 4194 1201 4265 Et

161 4336 243 4384 oum
262 4337 331 4408 ego
349 4335 447 4385 eram
474 4312 631 4400 Parisiis,
659 4322 881 4382 conventum
908 4309 1103 4382 habuimus
1126 4331 1200 4381 nou

261 4449 355 4501 VOL.
371 4451 426 4501 lv.
1076 4443 1101 4493 R
