2946 5010
309 428 383 496 308
582 439 862 494 enosnnnara
880 440 1072 494 Parmos.

146 637 214 678 cm.
229 637 249 678 ι.
310 608 459 683 cadenti
493 606 607 704 lapidi
640 632 736 682 nova
765 610 947 706 contingit
978 608 1179 705 impressio,
1209 631 1348 681 novum

118 704 274 823 Μ,
310 722 422 795 etiam
436 721 571 818 ubique
588 723 730 795 accidet
747 723 1013 796 incrementum
1029 722 1243 795 velocitatis.

362 834 411 907 A.
438 835 496 908 lta
513 847 613 907 certe
629 833 785 908 videtur.
838 837 934 908 Nam
962 835 1178 909 acceleratio
1207 846 1349 932 tempo-

311 948 412 1022 ribus
429 946 629 1043 aequalibus
647 971 789 1045 semper
807 961 863 1021 est
885 947 1058 1043 aequalis:
1086 948 1139 1022 ita
1165 959 1207 1020 ut
1230 949 1349 1044 spatia

312 1083 497 1159 percursa,
520 1061 551 1133 si
576 1059 755 1156 incipiant
777 1085 799 1134 a
827 1061 961 1157 quiete,
993 1061 1068 1134 sint
1093 1060 1132 1133 in
1163 1060 1350 1157 duplicata

313 1175 455 1248 ratione
473 1184 678 1269 temporum
695 1175 903 1270 ubieunque
920 1188 1077 1270 sumpta,
1095 1186 1138 1246 ut
1160 1186 1349 1247 ostensum

313 1300 370 1362 est
383 1313 406 1360 a
418 1286 568 1360 Galileo.
607 1285 724 1360 Video
741 1300 864 1360 autem
877 1287 963 1360 hinc
981 1287 1212 1382 phaenomeni
1230 1288 1350 1381 cujus-

315 1402 400 1474 dam
433 1400 664 1490 solutionem,
700 1424 809 1495 quam
843 1412 928 1472 ante
962 1399 1087 1472 videre
1120 1423 1195 1473 non
1231 1401 1348 1495 potui.

315 1514 395 1587 Scis
410 1512 482 1586 duo
499 1512 658 1609 pendula
674 1511 904 1610 longitudine
920 1513 1085 1609 aequalia,
1103 1513 1134 1586 si
1156 1536 1350 1609 aperpen-

316 1626 437 1699 diculo
471 1650 537 1723 per
570 1627 723 1723 angulos
756 1626 914 1722 aequales
945 1626 1051 1699 simul
1081 1640 1349 1715 removeantur,

315 1741 447 1814 itiones
465 1751 503 1812 et
521 1739 721 1812 reditiones
741 1739 848 1813 simul
871 1739 1004 1812 facere.
1054 1740 1103 1813 Et
1130 1763 1350 1835 quamquam

316 1876 423 1926 arcus
441 1875 534 1948 quos
557 1866 660 1927 motu
683 1876 748 1926 suo
772 1852 995 1941 describunt,
1014 1854 1190 1927 continuo
1208 1852 1351 1926 decres-

316 1978 416 2054 cant,
452 1977 597 2062 tempus
633 1978 756 2040 tumen
795 1967 833 2039 in
863 1989 936 2061 quo
964 1969 1121 2063 majores
1151 1990 1258 2039 arcus
1288 1966 1351 2040 de-

318 2079 539 2169 scribuntur,
566 2081 723 2177 tempori
752 2080 790 2153 in
816 2103 889 2176 quo
914 2080 1172 2155 describuntur
1193 2080 1351 2154 minores

318 2202 375 2265 est
391 2192 541 2288 aequale.

369 2305 416 2378 B.
445 2306 503 2379 Ita
520 2317 588 2379 est.
638 2305 805 2379 Vidistin'
822 2329 986 2403 unquam
1007 2308 1293 2403 experimentum
1314 2306 1351 2378 in

317 2444 390 2517 quo
408 2418 499 2491 illud
514 2442 642 2491 verum
658 2442 734 2492 non
752 2419 858 2492 erati

368 2530 413 2605 A.
440 2530 572 2603 Etiam.
625 2533 721 2604 Nam
738 2532 769 2605 si
791 2531 1032 2628 pendulorum
1058 2532 1213 2605 alterum
1231 2557 1253 2605 a
1270 2557 1352 2629 per-

318 2642 512 2738 pendiculo
531 2642 728 2728 dimoveas,
753 2644 909 2739 exempli
935 2668 1055 2733 causa,
1086 2668 1151 2739 per
1178 2645 1352 2739 angulum

320 2764 367 2828 80
385 2755 576 2850 graduum,
608 2755 765 2827 alterum
787 2781 853 2852 per
883 2757 1055 2851 angulum
1077 2764 1125 2829 60
1149 2757 1351 2851 graduum:

319 2881 407 2940 tunc
426 2869 557 2940 itiones
576 2880 612 2940 et
631 2869 826 2942 reditiones
844 2895 918 2941 non
936 2870 1041 2941 simul
1060 2871 1161 2942 fient.

367 2982 416 3052 B.
445 2981 516 3053 Sed
538 2982 665 3054 inferri
691 2983 777 3055 hinc
805 3008 879 3055 non
908 2995 1039 3080 potest,
1066 2982 1163 3079 quod
1189 2995 1355 3080 tempora

318 3093 511 3189 inaequalia
529 3106 636 3166 erunt
654 3095 800 3190 quando
817 3096 942 3191 anguli
961 3109 1046 3168 sunt
1063 3096 1231 3190 aequales.

370 3207 416 3279 Α.
445 3206 517 3279 Sed
560 3209 705 3303 quando
740 3208 864 3303 anguli
899 3220 985 3280 sunt
1013 3209 1221 3304 inaequaleS,
1258 3210 1354 3282 unde

318 3319 454 3392 accidit
472 3320 699 3415 inaequalitas
716 3333 922 3416 temporum
939 3320 950 3391 ἒ

367 3433 415 3503 B.
443 3433 500 3503 Ab
519 3434 598 3528 ipsa
615 3435 861 3531 inaequalitate
879 3435 1107 3530 angulorum.
1135 3436 1228 3506 Nam
1249 3460 1355 3507 arcus

319 3569 409 3640 quos
438 3545 589 3634 faciunt,
622 3561 708 3619 sunt
737 3549 856 3643 spatia
884 3572 966 3643 quae
1000 3562 1287 3643 percurruntur:
1316 3550 1355 3619 in

319 3659 450 3754 quibus
483 3659 683 3754 pendulum
718 3661 816 3757 quod
846 3685 868 3732 a
898 3664 1036 3756 majore
1070 3661 1264 3733 altitudine
1293 3661 1356 3733 de-

317 3772 470 3859 scendit,
490 3773 649 3845 velocius
670 3785 838 3845 movetur
857 3799 966 3869 quam
985 3774 1120 3869 quoda
1137 3775 1288 3846 minore.

368 3885 416 3957 A.
445 3883 538 3959 Quae
555 3886 731 3958 hactenus
750 3886 884 3972 dixisti,
904 3887 1008 3958 facile
1027 3887 1148 3974 credo,
1167 3889 1213 3958 ab
1239 3889 1356 3959 omni-

315 3998 383 4069 bus
409 3999 655 4094 recipientur:
682 4000 752 4071 nisi
778 4000 876 4095 quod
904 4000 1043 4072 telluris
1075 4025 1157 4072 cum
1184 4001 1287 4096 pelve
1319 4012 1356 4073 et

316 4112 436 4183 cribro
467 4113 692 4208 comparatio
719 4114 809 4209 ipsa,
837 4114 1037 4209 phantasiae
1060 4115 1182 4209 potius
1214 4114 1355 4187 soboles

316 4248 425 4318 quam
444 4225 594 4296 rationis
614 4249 692 4297 esse
712 4226 826 4298 videri
850 4228 975 4322 possit.
1028 4228 1161 4298 Nonne
1189 4229 1276 4300 satis
1301 4240 1356 4301 est

316 4334 416 4431 quod
443 4336 575 4423 telluri,
595 4361 704 4431 quam
723 4339 909 4434 quiescere
929 4340 1184 4413 existimabant
1202 4354 1355 4429 vetereS,

316 4448 481 4521 dedimus
503 4449 721 4545 jampridem
747 4465 887 4523 motum
913 4476 1022 4547 super
1052 4466 1220 4524 centrum
1249 4478 1354 4525 suum
