2946 5010
515 437 567 489 nn
588 438 758 493 nunnus
777 438 913 491 naurs
1164 426 1237 492 249

199 629 320 693 causa,
335 627 447 702 quare
464 605 567 678 filum
590 607 738 680 laneum
755 619 841 704 post
864 606 1172 702 compressionem
1199 631 1238 680 se

198 717 376 806 extendit,
396 741 565 814 quaenam
582 718 667 792 est?

248 832 298 904 B.
327 832 546 926 Quanquam
576 855 725 905 causam
755 830 823 904 tibi
848 856 973 905 veram
1001 831 1174 921 dicerem,
1197 842 1240 904 tu

197 953 322 1016 tamen
345 943 493 1016 veritati
522 968 597 1016 nou
622 945 886 1040 acquiesceres,
905 945 970 1019 sed
997 944 1152 1018 ulterius
1180 968 1239 1017 me

197 1056 442 1151 interrogabis
460 1081 628 1152 quaenam
646 1057 754 1153 hujus
773 1058 821 1131 sit
838 1082 958 1132 causae
982 1081 1114 1142 causa3
1140 1056 1240 1133 unde

198 1169 311 1242 ibitur
328 1170 367 1240 in
385 1169 581 1243 infinitum.

248 1279 295 1356 A.
322 1282 476 1355 Minime
494 1307 594 1356 vero.
646 1283 742 1356 Nam
773 1283 836 1356 ubi
861 1284 909 1356 ad
932 1307 1079 1357 causam
1095 1283 1240 1357 veneris

199 1395 359 1490 aliquam
378 1406 565 1483 aeternam,
586 1396 638 1468 ibi
656 1410 694 1468 te
711 1396 941 1492 interrogare
955 1395 1135 1470 desinam.
1169 1397 1240 1470 Dic

200 1530 300 1601 erga,
313 1507 677 1603 particularum,quae
692 1509 923 1582 constituunt
935 1520 1104 1583 naturam
1116 1509 1240 1606 chaly-

198 1619 317 1708 beam,
335 1621 392 1692 vel
409 1620 564 1709 laneam,
581 1622 640 1694 vel
667 1645 824 1711 aeream,
839 1634 979 1696 motum
1010 1623 1113 1696 illum
1141 1647 1240 1719 quae·

199 1756 286 1807 nam
300 1757 409 1806 causa
423 1735 566 1808 efficere
584 1734 731 1831 potest?

251 1846 299 1919 B.
328 1846 546 1943 Respondeo
569 1848 649 1937 tibi,
672 1848 936 1943 particularum
961 1849 1107 1922 illarum
1132 1849 1239 1938 aeris,

201 1981 289 2054 quas
300 1958 371 2032 filis
384 1960 499 2033 laneis
511 1960 732 2056 comparavi,
744 1960 934 2055 particulae
945 1962 1067 2035 adhuc
1080 1962 1239 2036 minores

199 2084 338 2145 motum
355 2072 456 2145 illum
467 2072 712 2146 restitutionis
726 2073 888 2147 efficiunt
900 2098 967 2169 per
978 2086 1117 2148 motum
1133 2098 1239 2148 suum

197 2186 388 2282 proprium
405 2187 610 2259 naturalem
635 2185 826 2259 reditionis
844 2186 882 2258 in
905 2210 956 2276 se,
982 2189 1086 2284 cujus
1102 2187 1240 2283 princi-

197 2297 300 2392 pium
318 2310 374 2371 est
392 2299 547 2371 nullum.

249 2411 284 2483 A
289 2468 298 2485 .
325 2413 450 2485 Partes
469 2435 557 2507 ergo
576 2410 783 2507 corpusculi
800 2412 918 2484 omnis
931 2412 1030 2485 aerei
1043 2413 1239 2487 moveban-

199 2535 261 2597 tur
289 2525 441 2598 seorsim
470 2536 575 2597 motu
601 2525 664 2597 illo
692 2525 731 2597 in
762 2548 801 2598 se
824 2525 1014 2615 redeunte,
1040 2537 1238 2622 antequam

199 2639 457 2734 corpusculum
471 2638 563 2711 illud
578 2661 622 2710 ex
637 2637 708 2711 illis
722 2637 925 2712 minoribus
943 2637 1238 2735 componeretur.

248 2749 295 2822 B.
325 2752 420 2825 Fieri
434 2752 540 2825 aliter
557 2776 631 2824 non
646 2763 781 2847 potest.

250 2863 298 2936 A.
326 2865 495 2937 Etiamne
513 2864 566 2936 sic
584 2864 747 2936 sentiunt
764 2863 820 2937 tui
837 2863 954 2936 socii?

251 2977 299 3050 B.
328 2979 432 3052 Unus
446 2978 598 3051 fortasse
617 2989 680 3051 aut
697 2978 811 3062 alter;
839 2978 963 3051 caeteri
980 3000 1054 3050 non
1073 2977 1175 3050 item.

250 3091 299 3163 A.
327 3091 458 3164 Credo.
511 3090 607 3163 Nam
626 3103 746 3163 motus
764 3090 824 3162 hic
837 3090 1081 3163 restitutionis
1100 3089 1239 3163 Hobbii

199 3213 267 3291 est,
286 3215 324 3275 et
342 3204 464 3276 abillo
482 3203 601 3298 primo
619 3215 656 3274 et
674 3202 752 3275 solo
777 3202 979 3297 explicatus
996 3203 1035 3274 in
1059 3202 1153 3275 libro
1182 3224 1238 3275 nn

201 3336 405 3405 connosn,
443 3341 523 3412 cap.
541 3315 615 3403 xxi,
643 3327 710 3388 art.
735 3324 765 3387 l.
819 3314 905 3386 Sine
932 3338 1005 3409 qua
1031 3313 1237 3410 hypothesi,

199 3441 504 3524 quantuscunque
522 3428 637 3515 labor,
656 3451 726 3510 ars,
742 3438 907 3522 sumptus
924 3426 972 3499 ad
990 3450 1113 3498 rerum
1130 3437 1238 3500 natu-

198 3546 330 3620 ralium
356 3546 553 3619 invisibiles
584 3569 710 3618 causas
740 3543 977 3617 inveniendas
1008 3543 1239 3632 adhibeatur,

198 3659 336 3731 frustra
370 3660 449 3732 erit.
517 3658 650 3731 Vidisti
681 3669 804 3730 autem
829 3658 906 3753 J‘am
941 3656 1114 3730 elastrum
1148 3657 1239 3731 illud

199 3772 304 3859 aeriS,
319 3772 418 3866 quod
437 3782 660 3867 supponunt,
676 3781 741 3842 aut
758 3769 980 3864 impossibile
998 3793 1087 3857 esse,
1098 3780 1163 3842 aut
1179 3793 1238 3843 re·

104 3963 106 3967 .
200 3885 420 3956 currendum
440 3908 518 3956 esse
536 3884 583 3956 ad
601 3883 833 3979 hypothesim
852 3881 1097 3971 Hobbianam,
1115 3906 1237 3979 quam,

198 3997 351 4070 sortasse
370 4021 442 4069 non
461 3997 717 4091 intelligentes,
732 3997 949 4091 rejecerunt.

248 4108 295 4181 B.
323 4110 458 4182 Nescio
476 4108 565 4205 quid
582 4109 630 4181 ad
644 4110 723 4181 haec
740 4106 1035 4203 respondendum
1052 4107 1111 4181 sit.
1163 4107 1238 4182 Sed

198 4221 227 4293 si
246 4235 286 4294 tu
303 4246 369 4317 per
386 4223 481 4294 hanc
500 4220 731 4317 hypothesim
761 4234 861 4293 tuam
881 4231 1017 4293 caetera
1034 4219 1142 4317 hujus
1159 4244 1236 4293 ma-

197 4338 316 4411 chinae
335 4337 574 4433 phaenomena
592 4333 795 4430 expedietis
813 4346 889 4407 tam
915 4331 1025 4422 clare,
1044 4356 1154 4428 quam
1183 4332 1237 4406 illi
