2946 5010
507 448 561 499 nn
580 448 750 503 aarum
770 448 908 503 rums.
1155 435 1227 501 245

187 634 271 684 nem
301 635 374 684 non
406 612 511 708 capio
534 614 632 686 inter
658 613 772 688 fluida
798 625 835 688 et
862 638 937 687 non
963 612 1087 704 fluida,
1117 638 1228 711 quam

187 724 328 799 sumitis
346 750 369 797 a
385 726 639 823 magnitudine
662 728 844 824 partium3
871 751 958 799 nam
985 726 1015 800 si
1045 749 1227 823 caperem,

186 838 294 910 ruina
311 838 383 925 illa,
402 840 477 912 sive
494 839 629 913 rudera
649 841 722 930 illa,
747 864 830 936 quae
852 841 977 935 jacent
1005 840 1043 912 in
1073 841 1228 914 ecclesia

187 951 349 1041 Paulina,
368 953 458 1025 mihi
476 953 632 1026 dicenda
655 966 777 1027 essent
794 952 916 1026 fluida.
980 953 1045 1026 Sin
1074 965 1228 1050 propter

186 1063 337 1136 nimiam
371 1065 533 1161 lapidum
571 1066 862 1161 magnitudinem
899 1065 1013 1138 fluida
1045 1065 1108 1139 illa
1149 1089 1228 1140 esse

188 1177 420 1271 negaveritis,
439 1178 550 1251 defini
573 1179 662 1252 mihi
680 1177 971 1275 magnitudinem
988 1178 1100 1266 illam,
1116 1202 1226 1274 quam

186 1288 326 1362 habens
343 1314 427 1386 pars
445 1292 585 1364 ruentis
602 1293 709 1380 muri,
727 1303 878 1388 propter
895 1314 975 1364 eam
998 1293 1047 1365 sit
1069 1291 1227 1365 dicenda

187 1401 310 1475 fluida.
361 1404 417 1475 Tu
434 1427 533 1492 vero,
552 1405 614 1500 qui
638 1404 923 1477 divisibilitatem
944 1403 1125 1476 infinitam
1151 1428 1226 1479 non

187 1516 298 1610 capis,
317 1515 376 1588 dic
394 1517 483 1590 mihi
501 1541 582 1613 quae
600 1519 667 1590 tibi
684 1531 837 1614 apparet
859 1540 979 1602 causa,
1006 1541 1118 1612 quare
1145 1517 1224 1590 Deo

187 1629 429 1726 omnipotenti
460 1630 640 1704 difficilius
671 1654 748 1704 esse
778 1642 903 1726 putem
938 1653 1062 1702 creare
1093 1653 1225 1726 corpus

187 1741 352 1829 fluidum,
384 1754 421 1815 et
447 1745 550 1836 cujus
567 1755 690 1841 partes
714 1755 800 1817 actu
822 1744 1001 1832 diffluant,
1020 1744 1121 1816 omni
1138 1743 1226 1818 data

187 1864 311 1927 atomo
337 1855 470 1943 minus,
489 1880 598 1951 quam
624 1880 748 1930 creare
765 1880 953 1929 oceanum.
1006 1857 1135 1951 ltaque
1157 1854 1225 1929 'de-

187 1989 333 2062 sperare
351 1992 409 2040 me
426 1967 517 2041 facis
535 1993 683 2041 omnem
700 1979 902 2042 conventus
921 1968 1032 2042 vestri
1049 1969 1223 2058 fructum,

187 2080 343 2153 dicendo
377 2081 475 2177 quod
508 2094 642 2177 putant
671 2105 805 2170 aerem,
844 2105 987 2178 aquam,
1017 2093 1055 2155 et
1088 2092 1224 2154 caetera

186 2194 299 2266 fluida
316 2206 485 2267 constare
502 2219 546 2268 ex
563 2219 638 2268 non
655 2194 798 2268 fluidis:
825 2206 1000 2290 tanquam
1018 2194 1048 2267 si
1064 2217 1223 2281 murum,

186 2308 290 2401 cujus
308 2318 456 2380 ruentes
473 2306 612 2403 lapides
630 2308 868 2404 aliquousque
888 2305 1106 2394 discurrent,
1125 2305 1223 2379 dice-

186 2431 270 2490 rent
288 2442 365 2492 esse
382 2419 547 2492 fluidum.
590 2420 630 2492 Si
647 2420 699 2493 sic
717 2418 940 2515 loquendum
957 2430 1023 2505 est,
1040 2419 1132 2491 nihil
1148 2442 1224 2492 non

186 2544 242 2603 est
260 2532 424 2605 fluidum.
468 2533 563 2605 Nam
581 2534 692 2606 etiam
711 2556 870 2605 marmor
887 2533 1085 2605 comminui
1101 2543 1226 2629 potest

186 2644 223 2717 in
241 2658 364 2740 partes
383 2645 481 2718 omni
500 2658 623 2718 atomo
641 2646 870 2742 Epicureana
886 2646 1057 2718 minores.

236 2756 282 2830 B.
310 2758 349 2830 Si
373 2759 439 2831 tibi
463 2758 502 2831 id
520 2782 747 2848 concessero,
766 2757 856 2854 quid
873 2758 1063 2852 sequitur?

236 2870 284 2943 A.
312 2871 486 2967 Sequitur
502 2873 584 2961 hoc,
610 2885 744 2945 utnon
767 2896 916 2945 necesse
934 2873 981 2944 sit
1007 2872 1141 2959 locum,
1159 2872 1223 2968 qui

184 2995 371 3056 asuctore
388 2985 531 3058 revulso
551 2986 700 3058 relictus
724 2997 790 3072 est,
809 3008 889 3058 esse
906 3009 1074 3058 vacuum.
1125 2985 1222 3058 Nam

185 3094 271 3168 dum
289 3109 413 3170 suctor
430 3099 642 3185 retrahitur,
660 3110 799 3195 quanto
822 3099 970 3172 relictus
986 3098 1089 3171 loeus
1105 3100 1223 3193 major

183 3209 238 3294 fit,
256 3222 361 3282 tanto
388 3211 508 3283 minus
531 3211 603 3284 loci
626 3212 844 3306 relinquitur
867 3210 943 3282 aeri
966 3223 1131 3293 externo,
1158 3211 1221 3306 qui

183 3335 347 3395 retrusus
361 3348 384 3395 a
401 3335 548 3395 suctore
566 3335 666 3395 moto
684 3347 810 3395 versus
834 3335 996 3407 externa,
1013 3321 1221 3418 proximum

183 3435 252 3508 sibi
269 3459 389 3508 aerem
404 3435 572 3508 similiter
589 3447 722 3524 movet,
736 3447 773 3507 et
790 3435 850 3507 hic
868 3435 992 3521 alium,
1007 3447 1044 3506 et
1062 3434 1114 3506 sic
1132 3456 1220 3506 con-

182 3549 304 3620 tinue:
332 3548 386 3620 ita
402 3560 444 3619 ut
461 3571 609 3620 necesse
626 3548 674 3621 sit
690 3571 811 3620 aerem
829 3545 978 3619 taudem
996 3546 1163 3641 compelli
1181 3544 1219 3618 in

182 3660 302 3734 locum
318 3660 503 3733 desertum
521 3685 544 3733 a
562 3674 719 3749 suctore‚
739 3674 776 3735 et
798 3661 935 3733 intrare
953 3659 1050 3732 inter
1066 3659 1217 3753 superfi-

183 3775 276 3846 ciem
319 3775 476 3847 suctoris
520 3798 719 3847 convexam
752 3786 790 3847 et
821 3772 977 3870 cylindri
1007 3794 1215 3844 concavam.

182 3887 380 3983 Supposito
398 3889 495 3960 enim
522 3889 615 3961 aeris
635 3903 758 3984 partes
780 3911 859 3960 esse
882 3885 1024 3958 infinite
1055 3883 1217 3971 subtiles,

181 4001 403 4095 impossibile
429 4012 550 4073 estut
573 4001 631 4073 via
658 4001 730 4088 illa,
759 4024 831 4095 qua
857 3999 1057 4071 retrahitur
1081 4007 1218 4085 suctor‚

180 4115 253 4187 illae
286 4138 360 4186 non
389 4137 428 4185 se
461 4114 658 4186 insinuent.
721 4113 842 4185 Primo
875 4112 985 4199 enim,
1025 4120 1217 4183 contactus

180 4228 454 4325 superficierum
472 4227 623 4298 istarum
641 4250 707 4322 per
725 4225 847 4298 omnia
873 4235 1010 4319 puncta
1032 4223 1217 4320 perfectus

181 4366 258 4415 esse
276 4364 350 4414 non
367 4350 501 4435 potest,
519 4338 604 4434 quia
621 4339 710 4435 ipsae
735 4336 945 4433 superficies
968 4337 1048 4409 fieri
1077 4335 1218 4408 infinite
